@Article{Chatrchyan:2008zzk,
	author    = "Chatrchyan, S. and others",
	collaboration = "CMS",
	title     = "The {CMS} experiment at the {CERN} {LHC}",
	journal   = "JINST",
	volume    = "3",
	year      = "2008",
	pages     = "S08004",
	doi       = "10.1088/1748-0221/3/08/S08004",
	SLACcitation  = "%%CITATION = JINST,3,S08004;%%"
}
@article{Sirunyan:2020zal,
	author = "Sirunyan, Albert M and others",
	collaboration = "CMS",
	title = "{Performance of the CMS Level-1 trigger in proton-proton collisions at $\sqrt{s} = 13$\,TeV}",
	journal = "JINST",
	volume = "15",
	pages = "P10017",
	year = "2020",
	doi = "10.1088/1748-0221/15/10/P10017",
	eprint = "2006.10165",
	archivePrefix = "arXiv",
	primaryClass = "hep-ex",
	reportNumber = "CMS-TRG-17-001, CERN-EP-2020-065",
}
@article{Khachatryan:2016bia,
	author         = "Khachatryan, Vardan and others",
	title              = "{The CMS trigger system}",
	collaboration  = "CMS",
	journal        = "JINST",
	volume         = "12",
	pages          = "P01020",
	doi            = "10.1088/1748-0221/12/01/P01020",
	year           = "2017",
	eprint         = "1609.02366",
	archivePrefix  = "arXiv",
	primaryClass   = "physics.ins-det",
	reportNumber   = "CMS-TRG-12-001, CERN-EP-2016-160",
	SLACcitation   = "%%CITATION = ARXIV:1609.02366;%%"
}
@techreport{CMS-PAS-LUM-17-001,
	title         = "{CMS luminosity measurements for the 2016 data taking
	period}",
	institution   = "CERN",
	collaboration = "CMS Collaboration",
	address       = "Geneva",
	number        = "CMS-PAS-LUM-17-001",
	year          = "2017",
	reportNumber  = "CMS-PAS-LUM-17-001",
	url           = "https://cds.cern.ch/record/2257069",
	type          = "CMS Physics Analysis Summary",
}
@techreport{CMS-PAS-LUM-17-004,
	title         = "{CMS luminosity measurement for the 2017 data-taking
	period at $\sqrt{s} = 13~\mathrm{TeV}$}",
	institution   = "CERN",
	collaboration = "CMS Collaboration",
	address       = "Geneva",
	reportNumber  = "CMS-PAS-LUM-17-004",
	year          = "2018",
	url           = "https://cds.cern.ch/record/2621960",
}
@techreport{CMS-PAS-LUM-18-002,
	title         = "{CMS luminosity measurement for the 2018 data-taking
	period at $\sqrt{s} = 13~\mathrm{TeV}$}",
	institution   = "CERN",
	collaboration = "CMS Collaboration",
	address       = "Geneva",
	reportNumber  = "CMS-PAS-LUM-18-002",
	year          = "2019",
	url           = "https://cds.cern.ch/record/2676164",
}
@article{Cacciari:2008gp,
	AUTHOR    = "Cacciari, Matteo and Salam, Gavin P. and Soyez, Gregory",
	TITLE     = "{The anti-$k_t$ jet clustering algorithm}",
	JOURNAL   = "JHEP",
	VOLUME    = "04",
	YEAR      = "2008",
	PAGES     = "063",
	doi       = "10.1088/1126-6708/2008/04/063",
	eprint         = "0802.1189",
	archivePrefix  = "arXiv",
	primaryClass   = "hep-ex",
}
@article{Cacciari:2011ma,
	author         = "Cacciari, Matteo and Salam, Gavin P. and Soyez, Gregory",
	title          = "{FastJet user manual}",
	journal        = "Eur. Phys. J. C",
	volume         = "72",
	pages          = "1896",
	doi            = "10.1140/epjc/s10052-012-1896-2",
	year           = "2012",
	eprint         = "1111.6097",
	archivePrefix  = "arXiv",
	primaryClass   = "hep-ph",
	reportNumber   = "CERN-PH-TH-2011-297",
	SLACcitation   = "%%CITATION = ARXIV:1111.6097;%%",
}
@techreport{CMS-TDR-15-02,
	AUTHOR      = "{CMS Collaboration}",
	COLLABORATION = "{CMS}",
	institution    = "CERN",
	TITLE       = "Technical proposal for the Phase-II upgrade
	of the Compact Muon Solenoid",
	URL         = "http://cds.cern.ch/record/2020886",
	TYPE        = "CMS Technical proposal",
	NUMBER      = "CERN-LHCC-2015-010, CMS-TDR-15-02",
	YEAR        = "2015"
}
@article{CMS-PRF-14-001,
	author         = "Sirunyan, A. M. and others",
	title          = "{Particle-flow reconstruction and global event description with the CMS detector}",
	collaboration  = "CMS",
	journal     = "JINST",
	volume    = "12",
	year         = "2017",
	pages      = "P10003",
	doi           = "10.1088/1748-0221/12/10/P10003",
	eprint         = "1706.04965",
	archivePrefix  = "arXiv",
	primaryClass   = "physics.ins-det",
	reportNumber   = "CMS-PRF-14-001, CERN-EP-2017-110",
	SLACcitation   = "%%CITATION = ARXIV:1706.04965;%%",
}
@article{Khachatryan:2015hwa,
	author         = "Khachatryan, Vardan and others",
	title          = "{Performance of electron reconstruction and selection
	with the CMS detector in proton-proton collisions at
	$\sqrt{s} = 8$\TeV}",
	collaboration  = "CMS",
	journal        = "JINST",
	volume         = "10",
	pages          = "P06005",
	doi            = "10.1088/1748-0221/10/06/P06005",
	year           = "2015",
	eprint         = "1502.02701",
	archivePrefix  = "arXiv",
	primaryClass   = "physics.ins-det",
	reportNumber   = "CMS-EGM-13-001, CERN-PH-EP-2015-004",
	SLACcitation   = "%%CITATION = ARXIV:1502.02701;%%",
}
@article{Sirunyan:2019kia,
	author         = "Sirunyan, Albert M and others",
	title          = "{Performance of missing transverse momentum
	reconstruction in proton-proton collisions at $\sqrt{s} =
	13$\,TeV using the CMS detector}",
	collaboration  = "CMS",
	journal        = "JINST",
	volume         = "14",
	year           = "2019",
	pages          = "P07004",
	doi            = "10.1088/1748-0221/14/07/P07004",
	eprint         = "1903.06078",
	archivePrefix  = "arXiv",
	primaryClass   = "hep-ex",
	reportNumber   = "CMS-JME-17-001, CERN-EP-2018-335",
	SLACcitation   = "%%CITATION = ARXIV:1903.06078;%%"
}
@article{Sirunyan:2018,
	author         = "Sirunyan, Albert M and others",
	collaboration = "CMS",
	title = "{Performance of the CMS muon detector and muon reconstruction with proton-proton collisions at $\sqrt{s}=$ 13 TeV}",
	eprint = "1804.04528",
	archivePrefix = "arXiv",
	primaryClass = "physics.ins-det",
	reportNumber = "CMS-MUO-16-001, CERN-EP-2018-058",
	doi = "10.1088/1748-0221/13/06/P06015",
	journal = "JINST",
	volume = "13",
	pages = "P06015",
	year = "2018"
}

%%%%%%%%%%%%%%%%%% Higgs historical papers %%%%%%%%%%%%%%%%%%

@article{Higgs:1964ia,
	author         = "Higgs, Peter W.",
	title          = "Broken symmetries, massless particles and gauge fields",
	journal        = "Phys. Lett.",
	volume         = "12",
	pages          = "132",
	doi            = "10.1016/0031-9163(64)91136-9",
	year           = "1964",
}
@article{Higgs:1964pj,
	author         = "Higgs, Peter W.",
	title          = "Broken Symmetries and the Masses of Gauge Bosons",
	journal        = "Phys. Rev. Lett.",
	volume         = "13",
	pages          = "508",
	doi            = "10.1103/PhysRevLett.13.508",
	year           = "1964",
}
@article{Higgs:1966ev,
	author         = "Higgs, Peter W.",
	title          = "Spontaneous Symmetry Breakdown without Massless Bosons",
	journal        = "Phys. Rev.",
	volume         = "145",
	pages          = "1156",
	doi            = "10.1103/PhysRev.145.1156",
	year           = "1966",
}
@article{Englert:1964et,
	author         = "Englert, F. and Brout, R.",
	title          = "Broken Symmetry and the Mass of Gauge Vector Mesons",
	journal        = "Phys. Rev. Lett.",
	volume         = "13",
	pages          = "321",
	doi            = "10.1103/PhysRevLett.13.321",
	year           = "1964",
}
@article{Guralnik:1964eu,
	author         = "Guralnik, G. S. and Hagen, C. R. and Kibble, T. W. B.",
	title          = "Global Conservation Laws and Massless Particles",
	journal        = "Phys. Rev. Lett.",
	volume         = "13",
	pages          = "585",
	doi            = "10.1103/PhysRevLett.13.585",
	year           = "1964",
}
@article{Kibble:1967sv,
	author         = "Kibble, T. W. B.",
	title          = "Symmetry breaking in nonAbelian gauge theories",
	journal        = "Phys. Rev.",
	volume         = "155",
	pages          = "1554",
	doi            = "10.1103/PhysRev.155.1554",
	year           = "1967",
}

%%%%%%%%%%%%%%%%%% CMS and ATLAS Higgs observation papers %%%%%%%%%%%%%%%%%%%%

@article{Chatrchyan:2012ufa,
	author         = "Chatrchyan, Serguei and others",
	title          = "Observation of a new boson at a mass of 125 {GeV} with the
	{CMS} experiment at the {LHC}",
	collaboration  = "CMS",
	journal        = "Phys. Lett. B",
	volume         = "716",
	pages          = "30",
	doi            = "10.1016/j.physletb.2012.08.021",
	year           = "2012",
	eprint         = "1207.7235",
	archivePrefix  = "arXiv",
	primaryClass   = "hep-ex",
	reportNumber   = "CMS-HIG-12-028, CERN-PH-EP-2012-220",
	SLACcitation   = "%%CITATION = ARXIV:1207.7235;%%",
}

@article{Chatrchyan:2013lba,
	author         = "Chatrchyan, Serguei and others",
	title          = "Observation of a new boson with mass near 125 {GeV} in pp
	collisions at {$\sqrt{s}$ = 7 and 8 TeV}",
	collaboration  = "CMS",
	journal        = "JHEP",
	volume         = "06",
	pages          = "081",
	doi            = "10.1007/JHEP06(2013)081",
	year           = "2013",
	eprint         = "1303.4571",
	archivePrefix  = "arXiv",
	primaryClass   = "hep-ex",
	reportNumber   = "CMS-HIG-12-036, CERN-PH-EP-2013-035",
	SLACcitation   = "%%CITATION = ARXIV:1303.4571;%%",
}

@article{Aad:2012tfa,
	author         = "Aad, Georges and others",
	title          = "Observation of a new particle in the search for the
	Standard Model {Higgs} boson with the {ATLAS} detector at the
	{LHC}",
	collaboration  = "ATLAS",
	journal        = "Phys. Lett. B",
	volume         = "716",
	pages          = "1",
	doi            = "10.1016/j.physletb.2012.08.020",
	year           = "2012",
	eprint         = "1207.7214",
	archivePrefix  = "arXiv",
	primaryClass   = "hep-ex",
	reportNumber   = "CERN-PH-EP-2012-218",
	SLACcitation   = "%%CITATION = ARXIV:1207.7214;%%",
}
%%%%%%%%%%%%%%%%%% CMS and ATLAS Higgs properties Run1 papers  %%%%%%%%%%%%%%%%%%%%

@article{Bristow:2014hta,
	author         = "Bristow, Timothy",
	title          = "Measurement of the properties of the {Higgs} boson at
	{ATLAS}",
	collaboration  = "ATLAS",
	journal        = "AIP Conf.Proc.",
	volume         = "1588",
	pages          = "5",
	doi            = "10.1063/1.4866918",
	year           = "2014",
	SLACcitation   = "%%CITATION = APCPC,1588,5;%%",
}

@article{CMSPropertiesRun1,
	author         = "Khachatryan, Vardan and others",
	title          = "Precise determination of the mass of the {Higgs} boson and
	tests of compatibility of its couplings with the standard
	model predictions using proton collisions at {7 and 8
	$\,\text {TeV}$}",
	collaboration  = "CMS",
	journal        = "Eur. Phys. J. C",
	volume         = "75",
	year           = "2015",
	pages          = "212",
	doi            = "10.1140/epjc/s10052-015-3351-7",
	eprint         = "1412.8662",
	archivePrefix  = "arXiv",
	primaryClass   = "hep-ex",
	reportNumber   = "CMS-HIG-14-009, CERN-PH-EP-2014-288",
	SLACcitation   = "%%CITATION = ARXIV:1412.8662;%%"
}

@article{ATLASPropertiesRun1,
	author         = "Aad, Georges and others",
	title          = "Measurements of the {Higgs} boson production and decay rates
	and coupling strengths using $pp$ collision data
	at {$\sqrt{s}=7$ and 8 TeV} in the {ATLAS} experiment",
	collaboration  = "ATLAS",
	journal        = "Eur. Phys. J. C",
	volume         = "76",
	year           = "2016",
	doi            = "10.1140/epjc/s10052-015-3769-y",
	eprint         = "1507.04548",
	archivePrefix  = "arXiv",
	primaryClass   = "hep-ex",
	reportNumber   = "CERN-PH-EP-2015-125",
	SLACcitation   = "%%CITATION = ARXIV:1507.04548;%%"
}

@article{ATLASCMSMassRun1,
	author         = "{ATLAS and CMS Collaborations}",
	title          = "Combined Measurement of the {Higgs} Boson Mass in $pp$
	Collisions at {$\sqrt{s}=7$ and 8 TeV} with the {ATLAS} and
	{CMS} Experiments",
	journal        = "Phys. Rev. Lett.",
	volume         = "114",
	year           = "2015",
	pages          = "191803",
	doi            = "10.1103/PhysRevLett.114.191803",
	eprint         = "1503.07589",
	archivePrefix  = "arXiv",
	primaryClass   = "hep-ex",
	reportNumber   = "ATLAS-HIGG-2014-14, CMS-HIG-14-042, CERN-PH-EP-2015-075",
	SLACcitation   = "%%CITATION = ARXIV:1503.07589;%%"
}

@article{ATLASCMSPropertiesRun1,
	author = "{ATLAS and CMS Collaborations}",
	title="Measurements of the {Higgs} boson production and decay rates and constraints on its couplings from a combined {ATLAS} and {CMS} analysis of the {LHC} pp collision data at {$\sqrt{s}=7$ and 8 TeV}",
	journal="JHEP",
	year="2016",
	volume="08",
	pages="45",
	doi="10.1007/JHEP08(2016)045",
	eprint         = "1606.02266",
	archivePrefix  = "arXiv",
	primaryClass   = "hep-ex",
}

%%%%%%%%%%%%%%%%%% ATLAS and CMS Higgs HZZ4l Run1-Run2 papers  %%%%%%%%%%%%%%%%%%%%

@article{ATLASH4lLegacyRun1,
	author         = "Aad, Georges and others",
	title          = "Measurements of {Higgs} boson production and couplings in
	the four-lepton channel in pp collisions at center-of-mass
	energies of 7 and 8 {TeV} with the {ATLAS} detector",
	collaboration  = "ATLAS",
	journal        = "Phys. Rev. D",
	volume         = "91",
	year           = "2015",
	pages          = "012006",
	doi            = "10.1103/PhysRevD.91.012006",
	eprint         = "1408.5191",
	archivePrefix  = "arXiv",
	primaryClass   = "hep-ex",
	reportNumber   = "CERN-PH-EP-2014-170",
	SLACcitation   = "%%CITATION = ARXIV:1408.5191;%%"
}

@article{CMSH4lLegacyRun1,
	author         = "Chatrchyan, Serguei and others",
	title          = "Measurement of the properties of a {Higgs} boson in the
	four-lepton final state",
	collaboration  = "CMS",
	journal        = "Phys. Rev. D",
	volume         = "89",
	year           = "2014",
	pages          = "092007",
	doi            = "10.1103/PhysRevD.89.092007",
	eprint         = "1312.5353",
	archivePrefix  = "arXiv",
	primaryClass   = "hep-ex",
	reportNumber   = "CMS-HIG-13-002, CERN-PH-EP-2013-220",
	SLACcitation   = "%%CITATION = ARXIV:1312.5353;%%"
}

@article{CMSH4l2016,
	author         = "Sirunyan, Albert M and others",
	title          = "Measurements of properties of the {Higgs} boson decaying
	into the four-lepton final state in pp collisions at $
	\sqrt{s}=13 $ {TeV}",
	collaboration  = "CMS",
	journal        = "JHEP",
	volume         = "11",
	year           = "2017",
	pages          = "047",
	doi            = "10.1007/JHEP11(2017)047",
	eprint         = "1706.09936",
	archivePrefix  = "arXiv",
	primaryClass   = "hep-ex",
	reportNumber   = "CMS-HIG-16-041, CERN-EP-2017-123",
	SLACcitation   = "%%CITATION = ARXIV:1706.09936;%%"
}

@article{ATLASH4l2016,
	author         = "Aaboud, Morad and others",
	title          = "Measurement of the {Higgs} boson coupling properties in
	the {$H\rightarrow ZZ^{*} \rightarrow 4\ell$} decay channel
	at {$\sqrt{s}$ = 13 TeV} with the {ATLAS} detector",
	collaboration  = "ATLAS",
	journal        = "JHEP",
	volume         = "03",
	year           = "2018",
	pages          = "095",
	doi            = "10.1007/JHEP03(2018)095",
	eprint         = "1712.02304",
	archivePrefix  = "arXiv",
	primaryClass   = "hep-ex",
	reportNumber   = "CERN-EP-2017-206",
	SLACcitation   = "%%CITATION = ARXIV:1712.02304;%%"
}

@article{CMSH4lSpinParity,
	author         = "Chatrchyan, Serguei and others",
	title          = "Study of the Mass and Spin-Parity of the {Higgs} Boson Candidate via Its Decays to {$Z$} Boson Pairs",
	collaboration  = "CMS",
	journal        = "Phys. Rev. Lett.",
	volume         = "110",
	pages          = "081803",
	doi            = "10.1103/PhysRevLett.110.081803",
	year           = "2013",
	eprint         = "1212.6639",
	archivePrefix  = "arXiv",
	primaryClass   = "hep-ex",
	reportNumber   = "CMS-HIG-12-041, CERN-PH-EP-2012-372",
	SLACcitation   = "%%CITATION = ARXIV:1212.6639;%%",
}

@article{CMSH4lAnomalousCouplings,
	author         = "Khachatryan, Vardan and others",
	title          = "Constraints on the spin-parity and anomalous {HVV} couplings
	of the {Higgs} boson in proton collisions at {7 and 8\TeV}",
	collaboration  = "CMS",
	journal        = "Phys. Rev. D",
	volume         = "92",
	pages          = "012004",
	year           = "2015",
	doi            = "10.1103/PhysRevD.92.012004",
	eprint         = "1411.3441",
	archivePrefix  = "arXiv",
	primaryClass   = "hep-ex",
	reportNumber   = "CMS-HIG-14-018, CERN-PH-EP-2014-265",
}

@Article{CMSHighMassPaper,
	author         = "Khachatryan, Vardan and others",
	title          = "Search for a {Higgs} Boson in the Mass Range from 145 to
	1000 {GeV} Decaying to a Pair of {W or Z} Bosons",
	collaboration  = "CMS",
	journal        = "JHEP",
	volume         = "10",
	year           = "2015",
	pages          = "144",
	doi            = "10.1007/JHEP10(2015)144",
	eprint         = "1504.00936",
	archivePrefix  = "arXiv",
	primaryClass   = "hep-ex",
	reportNumber   = "CMS-HIG-13-031, CERN-PH-EP-2015-074",
	SLACcitation   = "%%CITATION = ARXIV:1504.00936;%%"
}


@article{CMSH4lWidth,
	author         = "Khachatryan, Vardan and others",
	title          = "Constraints on the {Higgs} boson width from off-shell
	production and decay to {$\cPZ$}-boson pairs",
	collaboration  = "CMS",
	journal        = "Phys. Lett. B",
	volume         = "736",
	pages          = "64",
	doi            = "10.1016/j.physletb.2014.06.077",
	year           = "2014",
	eprint         = "1405.3455",
	archivePrefix  = "arXiv",
	primaryClass   = "hep-ex",
	reportNumber   = "CMS-HIG-14-002, CERN-PH-EP-2014-078",
	SLACcitation   = "%%CITATION = ARXIV:1405.3455;%%",
}

@article{CMSH4lLifetime,
	author         = "Khachatryan, Vardan and others",
	title          = "Limits on the {Higgs} boson lifetime and width from its decay to four charged leptons",
	collaboration  = "CMS",
	journal        = "Phys. Rev. D",
	volume         = "92",
	pages          = "072010",
	doi            = "10.1103/PhysRevD.92.072010",
	year           = "2015",
	eprint         = "1507.06656",
	archivePrefix  = "arXiv",
	primaryClass   = "hep-ex",
	reportNumber   = "CMS-HIG-14-036, CERN-PH-EP-2015-159",
	SLACcitation   = "%%CITATION = ARXIV:1507.06656;%%",
}

@article{ATLASH4lWidth,
	author         = "Aad, Georges and others",
	title          = "Constraints on the off-shell {Higgs} boson signal strength
	in the high-mass {$ZZ$ and $WW$} final states with the {ATLAS
	detector}",
	collaboration  = "ATLAS",
	journal        = "Eur. Phys. J. C",
	volume         = "75",
	year           = "2015",
	pages          = "335",
	doi            = "10.1140/epjc/s10052-015-3542-2",
	eprint         = "1503.01060",
	archivePrefix  = "arXiv",
	primaryClass   = "hep-ex",
	reportNumber   = "CERN-PH-EP-2015-026",
	SLACcitation   = "%%CITATION = ARXIV:1503.01060;%%"
}

@article{ATLASH4lWidth2016,
	author         = "Aaboud, Morad and others",
	title          = "Constraints on off-shell {Higgs} boson production and the
	{Higgs} boson total width in {$ZZ\to4\ell$ and
	$ZZ\to2\ell2\nu$} final states with the {ATLAS detector}",
	collaboration  = "ATLAS",
	journal        = "Phys. Lett. B",
	volume         = "786",
	year           = "2018",
	pages          = "223",
	doi            = "10.1016/j.physletb.2018.09.048",
	eprint         = "1808.01191",
	archivePrefix  = "arXiv",
	primaryClass   = "hep-ex",
	reportNumber   = "CERN-EP-2018-178",
	SLACcitation   = "%%CITATION = ARXIV:1808.01191;%%"
}

@article{CMSH4lAnomalousCouplings2016,
	author         = "Sirunyan, Albert M and others",
	title          = "Constraints on anomalous {Higgs} boson couplings using
	production and decay information in the four-lepton final
	state",
	collaboration  = "CMS",
	journal        = "Phys. Lett. B",
	volume         = "775",
	year           = "2017",
	pages          = "1",
	doi            = "10.1016/j.physletb.2017.10.021",
	eprint         = "1707.00541",
	archivePrefix  = "arXiv",
	primaryClass   = "hep-ex",
	reportNumber   = "CMS-HIG-17-011, CERN-EP-2017-143",
	SLACcitation   = "%%CITATION = ARXIV:1707.00541;%%"
}

@article{CMSHVVAnomalousCouplings2016,
	author         = "Sirunyan, Albert M and others",
	title          = "Measurements of the {Higgs} boson width and anomalous {HVV}
	couplings from on-shell and off-shell production in the
	four-lepton final state",
	collaboration  = "CMS",
	journal        = "Phys. Rev. D",
	eprint = "1901.00174",
	archivePrefix = "arXiv",
	primaryClass = "hep-ex",
	reportNumber = "CMS-HIG-18-002, CERN-EP-2018-329",
	doi = "10.1103/PhysRevD.99.112003",
	volume = "99",
	pages = "112003",
	year = "2019"
}

@article{CMSH4lFiducial8TeV,
	author = "V. Khachatryan and others",
	Collaboration = {CMS},
	title          = "Measurement of differential and integrated fiducial
	cross sections for {Higgs} boson production in the
	four-lepton decay channel in pp collisions at $ \sqrt{s}=7$ and 8 {TeV}",
	journal        = "JHEP",
	volume         = "04",
	year           = "2016",
	pages          = "005",
	doi            = "10.1007/JHEP04(2016)005",
	eprint         = "1512.08377",
	archivePrefix  = "arXiv",
	primaryClass   = "hep-ex",
}

@article{ATLASH4lFiducial8TeV,
	author         = "Aad, Georges and others",
	title          = "Fiducial and differential cross sections of {Higgs} boson
	production measured in the four-lepton decay channel in
	$pp$ collisions at $\sqrt{s}$=8 {TeV} with the {ATLAS
	detector}",
	collaboration  = "ATLAS",
	journal        = "Phys. Lett. B",
	volume         = "738",
	year           = "2014",
	pages          = "234",
	doi            = "10.1016/j.physletb.2014.09.054",
	eprint         = "1408.3226",
	archivePrefix  = "arXiv",
	primaryClass   = "hep-ex",
	reportNumber   = "CERN-PH-EP-2014-186",
	SLACcitation   = "%%CITATION = ARXIV:1408.3226;%%"
}

@article{ATLASH4lFiducial2016,
	author         = "Aaboud, Morad and others",
	title          = "Measurement of inclusive and differential cross sections
	in the {$H \rightarrow ZZ^* \rightarrow 4\ell$} decay
	channel in $pp$ collisions at $\sqrt{s}=13$ {TeV} with the
	{ATLAS detector}",
	collaboration  = "ATLAS",
	journal        = "JHEP",
	volume         = "10",
	year           = "2017",
	pages          = "132",
	doi            = "10.1007/JHEP10(2017)132",
	eprint         = "1708.02810",
	archivePrefix  = "arXiv",
	primaryClass   = "hep-ex",
	reportNumber   = "CERN-EP-2017-139",
	SLACcitation   = "%%CITATION = ARXIV:1708.02810;%%"
}
@article{CMSHggFiducial8TeV,
	author = "Khachatryan, V., Sirunyan, A. M., Tumasyan, A. and others",
	Collaboration = "CMS",
	title          = "Measurement of differential cross sections for {Higg} boson production in the diphoton decay channel in pp collisions at $\sqrt{s}$=8 {TeV}",
	journal        = "Eur. Phys. J. C",
	volume         = "76",
	pages          = "13",
	doi            = "10.1140/epjc/s10052-015-3853-3",
	year           = "2015",
	eprint         = "1508.07819",
	archivePrefix  = "arXiv",
	primaryClass   = "hep-ex",
}

@article{ATLASH4lLegacyRun2,
	author         = "Aad, Georges and others",
	title          = "Higgs boson production cross-section measurements and
	their {EFT} interpretation in the $4\ell$ decay channel at
	$\sqrt{s}$ = 13 {TeV} with the {ATLAS detector}",
	collaboration  = "ATLAS",
	journal        = "Eur. Phys. J. C",
	volume         = "80",
	year           = "2020",
	doi            = "10.1140/epjc/s10052-020-8227-9",
	eprint         = "2004.03447v2",
	archivePrefix  = "arXiv",
	primaryClass   = "hep-ex",
}
@article{ATLASH4lFiducialRun2,
	author         = "G. Aad and others",
	title          = "Measurements of the {Higgs} boson inclusive and
	differential fiducial cross sections in the 4$\ell$ decay
	channel at $\sqrt{s}$ = 13 {TeV}",
	collaboration  = "ATLAS",
	journal        = "Eur. Phys. J. C",
	volume         = "80",
	year           = "2020",
	doi            = "10.1140/epjc/s10052-020-8223-0",
	eprint         = "arXiv:2004.03969v3",
	archivePrefix  = "arXiv",
	primaryClass   = "hep-ex",
}

%%%%%%%%%%%%%%%%%% for Monte-Carlo generation %%%%%%%%%%%%%%%%%%%%

%POWHEG - single vector paper
@Article{Alioli:2008gx,
	author    = "Alioli, S. and Nason, P. and Oleari, C. and  Re, E.",
	title     = "{NLO} vector-boson production matched with shower in {POWHEG}",
	journal   = "JHEP",
	volume    = "07",
	year      = "2008",
	pages     = "060",
	eprint    = "0805.4802",
	archivePrefix = "arXiv",
	primaryClass  =  "hep-ph",
	doi       = "10.1088/1126-6708/2008/07/060",
	SLACcitation  = "%%CITATION = 0805.4802;%%"
}


%POWHEG main papers
@Article{Nason:2004rx,
	author    = "Nason, Paolo",
	title     = "A new method for combining {NLO QCD} with shower {Monte Carlo} algorithms",
	journal   = "JHEP",
	volume    = "11",
	year      = "2004",
	pages     = "040",
	eprint    = "hep-ph/0409146",
	archivePrefix = "arXiv",
	doi       = "10.1088/1126-6708/2004/11/040",
	SLACcitation  = "%%CITATION = HEP-PH/0409146;%%"
}

@Article{Frixione:2007vw,
	author    = "Frixione, Stefano and Nason, Paolo and Oleari, Carlo",
	title     = "Matching {NLO QCD} computations with parton shower
	simulations: the {POWHEG method}",
	journal   = "JHEP",
	volume    = "11",
	year      = "2007",
	pages     = "070",
	eprint    = "0709.2092",
	archivePrefix = "arXiv",
	primaryClass  =  "hep-ph",
	doi       = "10.1088/1126-6708/2007/11/070",
	SLACcitation  = "%%CITATION = 0709.2092;%%"
}

@article{Alioli:2010xd,
	author         = "Alioli, Simone and Nason, Paolo and Oleari, Carlo and Re,
	Emanuele",
	title          = "A general framework for implementing {NLO} calculations in
	shower {Monte Carlo} programs: the {POWHEG BOX}",
	journal        = "JHEP",
	volume         = "06",
	year           = "2010",
	pages          = "043",
	doi            = "10.1007/JHEP06(2010)043",
	eprint         = "1002.2581",
	archivePrefix  = "arXiv",
	primaryClass   = "hep-ph",
	reportNumber   = "DESY-10-018, SFB-CPP-10-22, IPPP-10-11, DCPT-10-22",
	SLACcitation   = "%%CITATION = ARXIV:1002.2581;%%"
}

%POWHEG - gluon fusion
@article{Alioli:2008tz,
	author         = "Alioli, Simone and Nason, Paolo and Oleari, Carlo and Re,
	Emanuele",
	title          = "{NLO Higgs} boson production via gluon fusion matched with
	shower in {POWHEG}",
	journal        = "JHEP",
	volume         = "04",
	year           = "2009",
	pages          = "002",
	doi            = "10.1088/1126-6708/2009/04/002",
	eprint         = "0812.0578",
	archivePrefix  = "arXiv",
	primaryClass   = "hep-ph",
	SLACcitation   = "%%CITATION = ARXIV:0812.0578;%%"
}

%POWHEG - VBF
@article{Nason:2009ai,
	author         = "Nason, Paolo and Oleari, Carlo",
	title          = "{NLO Higgs} boson production via vector-boson fusion
	matched with shower in {POWHEG}",
	journal        = "JHEP",
	volume         = "02",
	year           = "2010",
	pages          = "037",
	doi            = "10.1007/JHEP02(2010)037",
	eprint         = "0911.5299",
	archivePrefix  = "arXiv",
	primaryClass   = "hep-ph",
	SLACcitation   = "%%CITATION = ARXIV:0911.5299;%%"
}

%POWHEG - ttH
@article{Hartanto:2015uka,
	author         = "Hartanto, Heribertus B. and Jager, Barbara and Reina,
	Laura and Wackeroth, Doreen",
	title          = "Higgs boson production in association with top quarks in
	the {POWHEG BOX}",
	journal        = "Phys. Rev. D",
	volume         = "91",
	year           = "2015",
	pages          = "094003",
	doi            = "10.1103/PhysRevD.91.094003",
	eprint         = "1501.04498",
	archivePrefix  = "arXiv",
	primaryClass   = "hep-ph",
	SLACcitation   = "%%CITATION = ARXIV:1501.04498;%%"
}

%POWHEG - ZZ
@article{Melia:2011tj,
	author = "Melia, Tom and Nason, Paolo and Rontsch, Raoul and Zanderighi, Giulia",
	title = "{W+W-, WZ and ZZ production in the POWHEG BOX}",
	eprint = "1107.5051",
	archivePrefix = "arXiv",
	primaryClass = "hep-ph",
	doi = "10.1007/JHEP11(2011)078",
	journal = "JHEP",
	volume = "11",
	pages = "078",
	year = "2011"
}

%MiNLO
@article{Luisoni2013,
	author="Luisoni, Gionata and Nason, Paolo and Oleari, Carlo and Tramontano, Francesco",
	title="{HW$^{\pm}$/HZ + 0 and 1 jet at NLO} with the {POWHEG BOX} interfaced to {GoSam} and their merging within {MiNLO}",
	journal="JHEP",
	year="2013",
	volume="10",
	pages="1",
	doi="10.1007/JHEP10(2013)083",
	eprint="1306.2542",
	archivePrefix = "arXiv",
	primaryClass = "hep-ph"
}

%Cross sections full list of papers -> begin
@Article{Anastasiou:2015ema,
	author="Anastasiou, Charalampos and Duhr, Claude and Dulat, Falko and Herzog, Franz and Mistlberger, Bernhard",
	title="Higgs boson gluon-fusion production in {QCD at three loops}",
	journal="Phys. Rev. Lett.",
	year="2015",
	volume="114",
	pages="212001",
	doi="10.1103/PhysRevLett.114.212001",
	eprint         = "1503.06056",
	archivePrefix  = "arXiv",
	primaryClass   = "hep-ph"
}

@Article{Anastasiou2016,
	author="Anastasiou, Charalampos and Duhr, Claude and Dulat, Falko and Furlan, Elisabetta and Gehrmann, Thomas and Herzog, Franz and Lazopoulos, Achilleas and Mistlberger, Bernhard",
	title="High precision determination of the gluon fusion {Higgs} boson cross-section at the {LHC}",
	journal="JHEP",
	year="2016",
	volume="05",
	pages="58",
	doi="10.1007/JHEP05(2016)058",
	eprint         = "1602.00695",
	archivePrefix  = "arXiv",
	primaryClass   = "hep-ph"
}

@article{Ciccolini:2007ec,
	Archiveprefix = {arXiv},
	Author = {Ciccolini, Mariano and Denner, Ansgar and Dittmaier, Stefan},
	Doi = {10.1103/PhysRevD.77.013002},
	Eprint = {0710.4749},
	Journal = {Phys. Rev. D},
	Pages = {013002},
	Primaryclass = {hep-ph},
	Slaccitation = {%%CITATION = 0710.4749;%%},
	Title = "Electroweak and {QCD} corrections to {Higgs} production via vector-boson fusion at the {LHC}",
	Volume = {77},
	Year = {2008},
	Bdsk-Url-1 = {http://dx.doi.org/10.1103/PhysRevD.77.013002}}

@article{Ciccolini:2003jy,
	Archiveprefix = {arXiv},
	Author = {Ciccolini, M. L. and Dittmaier, S. and {Kr\"amer}, M.},
	Doi = {10.1103/PhysRevD.68.073003},
	Eprint = {hep-ph/0306234},
	Journal = {Phys. Rev. D},
	Pages = {073003},
	Slaccitation = {%%CITATION = HEP-PH/0306234;%%},
	Title = "Electroweak radiative corrections to associated {$WH$ and $ZH$} production at hadron colliders",
	Volume = {68},
	Year = {2003},
	Bdsk-Url-1 = {http://dx.doi.org/10.1103/PhysRevD.68.073003}}

@article{Ciccolini:2007jr,
	Archiveprefix = {arXiv},
	Author = {Ciccolini, M. and Denner, Ansgar and Dittmaier, S.},
	Date-Added = {2012-07-07 14:23:08 +0000},
	Date-Modified = {2012-07-07 14:23:08 +0000},
	Doi = {10.1103/PhysRevLett.99.161803},
	Eprint = {0707.0381},
	Journal = {Phys. Rev. Lett.},
	Pages = {161803},
	Primaryclass = {hep-ph},
	Title = "Strong and electroweak corrections to the production of a {Higgs} boson+2 Jets via weak interactions at the {Large Hadron Collider}",
	Volume = {99},
	Year = {2007},
	Bdsk-Url-1 = {http://dx.doi.org/10.1103/PhysRevLett.99.161803}}

@article{Bolzoni:2010xr,
	Archiveprefix = {arXiv},
	Author = {Bolzoni, Paolo and Maltoni, Fabio and Moch, Sven-Olaf and Zaro, Marco},
	Doi = {10.1103/PhysRevLett.105.011801},
	Eprint = {1003.4451},
	Journal = {Phys. Rev. Lett.},
	Pages = {011801},
	Primaryclass = {hep-ph},
	Slaccitation = {%%CITATION = 1003.4451;%%},
	Title = "Higgs production via vector-boson fusion at {NNLO in QCD}",
	Volume = {105},
	Year = {2010},
	Bdsk-Url-1 = {http://dx.doi.org/10.1103/PhysRevLett.105.011801}}

@Article{Bolzoni:2011cu,
	author="Bolzoni, Paolo and Maltoni, Fabio and Moch, Sven-Olaf and Zaro, Marco",
	title="Vector boson fusion at next-to-next-to-leading order in {QCD}: Standard model {Higgs} boson and beyond",
	journal="Phys. Rev. D",
	year="2012",
	volume="85",
	pages="035002",
	doi="10.1103/PhysRevD.85.035002",
	eprint         = "1109.3717",
	archivePrefix  = "arXiv",
	primaryClass   = "hep-ph"
}

@article{Brein:2003wg,
	Archiveprefix = {arXiv},
	Author = {Brein, Oliver and Djouadi, Abdelhak and Harlander, Robert},
	Date-Added = {2012-07-07 14:23:08 +0000},
	Date-Modified = {2012-07-07 14:23:08 +0000},
	Doi = {10.1016/j.physletb.2003.10.112},
	Eprint = {hep-ph/0307206},
	Journal = {Phys. Lett. B},
	Pages = {149},
	Slaccitation = {%%CITATION = HEP-PH/0307206;%%},
	Title = "{NNLO QCD} corrections to the {Higgs-strahlung} processes at hadron colliders",
	Volume = {579},
	Year = {2004},
	Bdsk-Url-1 = {http://dx.doi.org/10.1016/j.physletb.2003.10.112}}

@article{Beenakker:2001rj,
	Archiveprefix = {arXiv},
	Author = {Beenakker, W. and Dittmaier, S. and Kramer, M. and Plumper, B. and Spira, M. and Zerwas, P. M.},
	Date-Added = {2012-07-07 14:23:08 +0000},
	Date-Modified = {2012-07-07 14:23:08 +0000},
	Doi = {10.1103/PhysRevLett.87.201805},
	Eprint = {hep-ph/0107081},
	Journal = {Phys. Rev. Lett.},
	Pages = {201805},
	Slaccitation = {%%CITATION = HEP-PH/0107081;%%},
	Title = "Higgs radiation off top quarks at the {Tevatron and the LHC}",
	Volume = {87},
	Year = {2001},
	Bdsk-Url-1 = {http://dx.doi.org/10.1103/PhysRevLett.87.201805}}

@article{Beenakker:2002nc,
	Archiveprefix = {arXiv},
	Author = {Beenakker, W. and Dittmaier, S. and Kramer, M. and Plumper, B. and Spira, M. and Zerwas, P. M.},
	Date-Added = {2012-07-07 14:23:08 +0000},
	Date-Modified = {2012-07-07 14:23:08 +0000},
	Doi = {10.1016/S0550-3213(03)00044-0},
	Eprint = {hep-ph/0211352},
	Journal = {Nucl. Phys. B},
	Pages = {151},
	Slaccitation = {%%CITATION = HEP-PH/0211352;%%},
	Title = "{NLO QCD} corrections to $\ttbar$ {H} production in hadron collisions.",
	Volume = {653},
	Year = {2003},
	Bdsk-Url-1 = {http://dx.doi.org/10.1016/S0550-3213(03)00044-0}}

@article{Dawson:2002tg,
	Archiveprefix = {arXiv},
	Author = {Dawson, S. and Orr, L. H. and Reina, L. and Wackeroth, D.},
	Doi = {10.1103/PhysRevD.67.071503},
	Eprint = {hep-ph/0211438},
	Journal = {Phys. Rev. D},
	Pages = {071503},
	Slaccitation = {%%CITATION = HEP-PH/0211438;%%},
	Title = "Associated top quark {Higgs} boson production at the {LHC}",
	Volume = {67},
	Year = {2003},
	Bdsk-Url-1 = {http://dx.doi.org/10.1103/PhysRevD.67.071503}}

@article{Dawson:2003zu,
	Archiveprefix = {arXiv},
	Author = {Dawson, S. and Jackson, C. and Orr, L. H. and Reina, L. and Wackeroth, D.},
	Doi = {10.1103/PhysRevD.68.034022},
	Eprint = {hep-ph/0305087},
	Journal = {Phys. Rev. D},
	Pages = {034022},
	Slaccitation = {%%CITATION = HEP-PH/0305087;%%},
	Title = "Associated {Higgs} production with top quarks at the {Large Hadron Collider: NLO QCD} corrections",
	Volume = {68},
	Year = {2003},
	Bdsk-Url-1 = {http://dx.doi.org/10.1103/PhysRevD.68.034022}}

@Article{Yu:2014cka,
	author="Yu, Zhang and Wen-Gan, Ma and Ren-You, Zhang and Chong, Chen and Lei, Guo",
	title="{QCD NLO and EW NLO} corrections to {$t\bar{t}H$} production with top quark decays at hadron collider",
	journal="Phys. Lett. B",
	year="2014",
	volume="738",
	pages="1",
	doi="10.1016/j.physletb.2014.09.022",
	eprint         = "1407.1110",
	archivePrefix  = "arXiv",
	primaryClass   = "hep-ph"
}

@Article{Frixione:2014qaa,
	author="S. Frixione, S. and Hirschi, V. and Pagani, D. and Shao, H. S. and Zaro, M.",
	title="Weak corrections to {Higgs} hadroproduction in association with a top-quark pair",
	journal="JHEP",
	year="2014",
	volume="09",
	pages="65",
	doi="10.1007/JHEP09(2014)065",
	eprint         = "1407.0823",
	archivePrefix  = "arXiv",
	primaryClass   = "hep-ph"
}

@Article{Demartin:2015uha,
	author="Demartin, F. and Maltoni, F. and Mawatari, K. and Zaro, M.",
	title="Higgs production in association with a single top quark at the {LHC}",
	journal="Eur. Phys. J. C",
	year="2015",
	volume="75",
	pages="267",
	doi="10.1140/epjc/s10052-015-3475-9",
	eprint         = "1504.0611",
	archivePrefix  = "arXiv",
	primaryClass   = "hep-ph"
}

@Article{Demartin:2016axk,
	author="Demartin, F. and Maier, B. and Maltoni, F. and Mawatari, K. and Zaro, M.",
	title="{tWH associated production at the LHC}",
	journal="Eur. Phys. J. C",
	year="2017",
	volume="77",
	pages="34",
	doi="10.1140/epjc/s10052-017-4601-7",
	eprint         = "1607.05862",
	archivePrefix  = "arXiv",
	primaryClass   = "hep-ph"
}

@article{Denner:2011mq,
	Archiveprefix = {arXiv},
	Author = {Denner, A. and Heinemeyer, S. and Puljak, I. and Rebuzzi, D. and Spira, M.},
	Date-Added = {2012-07-07 14:23:08 +0000},
	Date-Modified = {2012-07-07 14:23:08 +0000},
	Doi = {10.1140/epjc/s10052-011-1753-8},
	Eprint = {1107.5909},
	Journal = {Eur. Phys. J. C},
	Pages = {1753},
	Primaryclass = {hep-ph},
	Slaccitation = {%%CITATION = ARXIV:1107.5909;%%},
	Title = "Standard model {Higgs}-boson branching ratios with uncertainties",
	Volume = {71},
	Year = {2011},
	Bdsk-Url-1 = {http://dx.doi.org/10.1140/epjc/s10052-011-1753-8}}

@article{Djouadi:1997yw,
	author         = "Djouadi, A. and Kalinowski, J. and Spira, M.",
	title          = "{HDECAY}: {A} Program for {Higgs} boson decays in the standard
	model and its supersymmetric extension",
	journal        = "Comput. Phys. Commun.",
	volume         = "108",
	pages          = "56",
	doi            = "10.1016/S0010-4655(97)00123-9",
	year           = "1998",
	eprint         = "hep-ph/9704448",
	archivePrefix  = "arXiv",
	primaryClass   = "hep-ph",
	reportNumber   = "DESY-97-079, IFT-96-29, PM-97-04",
	SLACcitation   = "%%CITATION = HEP-PH/9704448;%%",
}

@inproceedings{hdecay2,
	Archiveprefix = {arXiv},
	Author = {Djouadi, A. and Kalinowski, J. and Muhlleitner, M. and Spira , M.},
	Booktitle = {{The Les Houches 2009 workshop on TeV colliders: The tools and Monte Carlo working group summary report}},
	Eprint = {1003.1643},
	Primaryclass = {hep-ph},
	Title = "An update of the program {HDECAY}",
	Year = {2010}}

@article{Bredenstein:2006rh,
	Archiveprefix = {arXiv},
	Author = {Bredenstein, A. and Denner, Ansgar and Dittmaier, S. and Weber, M. M.},
	Date-Added = {2012-07-07 14:23:08 +0000},
	Date-Modified = {2012-07-07 14:23:08 +0000},
	Doi = {10.1103/PhysRevD.74.013004},
	Eprint = {hep-ph/0604011},
	Journal = {Phys. Rev. D},
	Pages = {013004},
	Slaccitation = {%%CITATION = HEP-PH/0604011;%%},
	Title = "Precise predictions for the {Higgs}-boson decay {H $\rightarrow$ WW/ZZ $\rightarrow$} 4 leptons",
	Volume = {74},
	Year = {2006},
	Bdsk-Url-1 = {http://dx.doi.org/10.1103/PhysRevD.74.013004}}

@article{Bredenstein:2006ha,
	Archiveprefix = {arXiv},
	Author = {Bredenstein, A. and Denner, Ansgar and Dittmaier, S. and Weber, M. M.},
	Date-Added = {2012-07-07 14:23:08 +0000},
	Date-Modified = {2012-07-07 14:23:08 +0000},
	Doi = {10.1088/1126-6708/2007/02/080},
	Eprint = {hep-ph/0611234},
	Journal = {JHEP},
	Pages = {80},
	Primaryclass = {hep-ph},
	Title = "Radiative corrections to the semileptonic and hadronic {Higgs}-boson decays {H $\rightarrow $WW/ZZ$\rightarrow$} 4 fermions",
	Volume = {02},
	Year = {2007},
	Bdsk-Url-1 = {http://dx.doi.org/10.1088/1126-6708/2007/02/080}}

@Article{Boselli:2015aha,
	author="Boselli, S. and Carloni Calame, C. M. and Montagna, G. and Nicrosini, O. and Piccinini, F.",
	title="Higgs boson decay into four leptons at {NLOPS} electroweak accuracy",
	journal="JHEP",
	year="2015",
	volume="06",
	pages="23",
	doi="10.1007/JHEP06(2015)023",
	eprint         = "1503.07394",
	archivePrefix  = "arXiv",
	primaryClass   = "hep-ph"
}

@article{Actis:2008ts,
	Archiveprefix = {arXiv},
	Author = {Actis, Stefano and Passarino, Giampiero and Sturm, Christian and Uccirati, Sandro},
	Date-Added = {2012-07-07 14:23:08 +0000},
	Date-Modified = {2012-07-07 14:23:08 +0000},
	Doi = {10.1016/j.nuclphysb.2008.11.024},
	Eprint = {0809.3667},
	Journal = {Nucl. Phys. B},
	Pages = {182},
	Primaryclass = {hep-ph},
	Slaccitation = {%%CITATION = 0809.3667;%%},
	Title = "{NNLO} computational techniques: the cases {$H \to \gamma \gamma$ and $H \to g g$}",
	Volume = {811},
	Year = {2009},
	Bdsk-Url-1 = {http://dx.doi.org/10.1016/j.nuclphysb.2008.11.024}}
%Cross sections full list of papers -> end

%default PDF
@article{Ball2012153,
	title = "Unbiased global determination of parton distributions and their uncertainties at {NNLO and at LO}",
	journal = "Nucl. Phys. B ",
	volume = "855",
	pages = "153",
	year = "2012",
	note = "",
	doi = "10.1016/j.nuclphysb.2011.09.024",
	author = "Ball, Richard and others",
	eprint = "1107.2652",
	archivePrefix  = "arXiv",
	primaryClass   = "hep-ph"
}

%JHUGEN
@Article{Gao:2010qx,
	author         = "Gao, Yanyan and Gritsan, Andrei V. and Guo, Zijin and
	Melnikov, Kirill and Schulze, Markus and Tran, Nhan V.",
	title          = "Spin determination of single-produced resonances at
	hadron colliders",
	journal        = "Phys. Rev. D",
	volume         = "81",
	pages          = "075022",
	doi            = "10.1103/PhysRevD.81.075022",
	year           = "2010",
	note           = "[Erratum: \DOI{10.1103/PhysRevD.81.079905}]",
	eprint         = "1001.3396",
	archivePrefix  = "arXiv",
	primaryClass   = "hep-ph",
	reportNumber   = "FERMILAB-PUB-10-011-E",
	SLACcitation   = "%%CITATION = ARXIV:1001.3396;%%",
}

@article{Bolognesi:2012mm,
	author         = "Bolognesi, Sara and Gao, Yanyan and Gritsan, Andrei V.
	and Melnikov, Kirill and Schulze, Markus and Tran, Nhan V. and Whitbeck, Andrew",
	title          = "On the spin and parity of a single-produced resonance at
	the {LHC}",
	journal        = "Phys. Rev. D",
	volume         = "86",
	pages          = "095031",
	doi            = "10.1103/PhysRevD.86.095031",
	year           = "2012",
	eprint         = "1208.4018",
	archivePrefix  = "arXiv",
	primaryClass   = "hep-ph",
	reportNumber   = "ANL-HEP-PR-12-62, FERMILAB-PUB-12-475-PPD",
	SLACcitation   = "%%CITATION = ARXIV:1208.4018;%%",
}

@Article{Anderson:2013afp,
	author         = "Anderson, Ian and Bolognesi, Sara and Caola, Fabrizio and
	Gao, Yanyan and Gritsan, Andrei V. and Martin, Christopher B.
	and Melnikov, Kirill and Schulze, Markus and Tran, Nhan V. and Whitbeck, Andrew and Zhou, Yaofu",
	title          = "Constraining anomalous {$HVV$} interactions at proton and
	lepton colliders",
	journal        = "Phys. Rev. D",
	volume         = "89",
	pages          = "035007",
	doi            = "10.1103/PhysRevD.89.035007",
	year           = "2014",
	eprint         = "1309.4819",
	archivePrefix  = "arXiv",
	primaryClass   = "hep-ph",
	reportNumber   = "FERMILAB-PUB-13-386-PPD",
	SLACcitation   = "%%CITATION = ARXIV:1309.4819;%%",
}

%MCFM
@article{MCFM,
	author    = "Campbell, John M. and Ellis, R. K.",
	title     = "{MCFM for the Tevatron and the LHC}",
	journal   = "Nucl. Phys. Proc. Suppl.",
	volume    = "205",
	year      = "2010",
	pages     = "10",
	eprint    = "1007.3492",
	archivePrefix = "arXiv",
	primaryClass  =  "hep-ph",
	doi       = "10.1016/j.nuclphysbps.2010.08.011",
	SLACcitation  = "%%CITATION = 1007.3492;%%"
}

%Madgraph5
@article{amcatnlo,
	author         = "Alwall, J. and Frederix, R. and Frixione, S. and Hirschi,
	V. and Maltoni, F. and Mattelaer, O. and Shao, H. -S. and
	Stelzer, T. and Torrielli, P. and Zaro, M.",
	title          = "The automated computation of tree-level and
	next-to-leading order differential cross sections, and
	their matching to parton shower simulations",
	journal        = "JHEP",
	volume         = "07",
	year           = "2014",
	pages          = "079",
	doi            = "10.1007/JHEP07(2014)079",
	eprint         = "1405.0301",
	archivePrefix  = "arXiv",
	primaryClass   = "hep-ph",
	reportNumber   = "CERN-PH-TH-2014-064, CP3-14-18, LPN14-066, MCNET-14-09,
	ZU-TH-14-14",
	SLACcitation   = "%%CITATION = ARXIV:1405.0301;%%"
}


%PYTHIA8
@article{Sjostrand:2014zea,
	author         = "Sj{\"o}strand, Torbj{\"o}rn and Ask, Stefan and Christiansen,
	Jesper R. and Corke, Richard and Desai, Nishita and Ilten,
	Philip and Mrenna, Stephen and Prestel, Stefan and
	Rasmussen, Christine O. and Skands, Peter Z.",
	title          = "An introduction to {PYTHIA} 8.2",
	journal        = "Comput. Phys. Commun.",
	volume         = "191",
	year           = "2015",
	pages          = "159",
	doi            = "10.1016/j.cpc.2015.01.024",
	eprint         = "1410.3012",
	archivePrefix  = "arXiv",
	primaryClass   = "hep-ph",
	reportNumber   = "LU-TP-14-36, MCNET-14-22, CERN-PH-TH-2014-190,
	FERMILAB-PUB-14-316-CD, DESY-14-178, SLAC-PUB-16122",
	SLACcitation   = "%%CITATION = ARXIV:1410.3012;%%"
}
%GEANT4
@article{Agostinelli:2002hh,
	author         = "Agostinelli, S. and others",
	title          = "{GEANT4: a simulation toolkit}",
	collaboration  = "GEANT4",
	journal        = "Nucl. Instrum. Meth. A",
	volume         = "506",
	pages          = "250",
	doi            = "10.1016/S0168-9002(03)01368-8",
	year           = "2003",
	reportNumber   = "SLAC-PUB-9350, FERMILAB-PUB-03-339",
	SLACcitation   = "%%CITATION = NUIMA,A506,250;%%",
}

@article{GEANT,
	author         = "Allison, John and others",
	title          = "{Geant4 developments and applications}",
	journal        = "IEEE Trans. Nucl. Sci.",
	volume         = "53",
	pages          = "270",
	doi            = "10.1109/TNS.2006.869826",
	year           = "2006",
	reportNumber   = "SLAC-PUB-11870",
	SLACcitation   = "%%CITATION = IETNA,53,270;%%",
}
@article{Gritsan:2016hjl,
	author         = "Gritsan, Andrei V. and R{\"o}entsch, Raoul and Schulze, Markus and Xiao, Meng",
	title          = "{Constraining anomalous Higgs boson couplings to the
	heavy flavor fermions using matrix element techniques}",
	journal        = "Phys. Rev. D",
	volume         = "94",
	year           = "2016",
	pages          = "055023",
	doi            = "10.1103/PhysRevD.94.055023",
	eprint         = "1606.03107",
	archivePrefix  = "arXiv",
	primaryClass   = "hep-ph",
	reportNumber   = "TTP16-020, CERN-TH-2016-135",
	SLACcitation   = "%%CITATION = ARXIV:1606.03107;%%"
}
@article{Gritsan:2020pib,
	author = "Gritsan, Andrei V. and Roskes, Jeffrey and Sarica, Ulascan and Schulze, Markus and Xiao, Meng and Zhou, Yaofu",
	title = "{New features in the JHU generator framework: constraining Higgs boson properties from on-shell and off-shell production}",
	eprint = "2002.09888",
	archivePrefix = "arXiv",
	primaryClass = "hep-ph",
	reportNumber = "HU-EP-20/02",
	doi = "10.1103/PhysRevD.102.056022",
	journal = "Phys. Rev. D",
	volume = "102",
	pages = "056022",
	year = "2020"
}
@techreport{deFlorian:2016spz,
	author = "D. de Florian and others",
	editor         = "de Florian, D. and C. Grojean and F. Maltoni and C. Mariotti and A. Nikitenko and M. Pieri and P. Savard and M. Schumacher and R. Tanaka",
	title          = "Handbook of {LHC} {H}iggs cross sections: 4. {D}eciphering the
	nature of the {H}iggs sector",
	doi = "10.23731/CYRM-2017-002",
	year           = "2016",
	eprint         = "1610.07922",
	archivePrefix  = "arXiv",
	primaryClass   = "hep-ph",
	TYPE        = "CERN Report",
	NUMBER      = "CERN-2017-002-M",
	reportNumber   = " CERN-2017-002-M",
	SLACcitation   = "%%CITATION = ARXIV:1610.07922;%%"
}
@article{deFlorian:2012mx,
	author         = "de Florian, D. and Ferrera, G. and Grazzini, M. and Tommasini, D.",
	title          = "{Higgs boson production at the LHC: transverse momentum resummation effects in the $H \to \gamma \gamma$, $H \to WW \to \ell\nu\ell\nu$ and $H \to ZZ \to 4\ell$ decay modes}",
	journal        = "JHEP",
	volume         = "06",
	pages          = "132",
	doi            = "10.1007/JHEP06(2012)132",
	year           = "2012",
	eprint         = "1203.6321",
	archivePrefix  = "arXiv",
	primaryClass   = "hep-ph",
	reportNumber   = "ZU-TH-04-12, IFUM-993-FT",
	SLACcitation   = "%%CITATION = ARXIV:1203.6321;%%",
}
@article{Hamilton:2013fea,
	author         = "Hamilton, Keith and Nason, Paolo and Re, Emanuele and
	Zanderighi, Giulia",
	title          = "{NNLOPS} simulation of {H}iggs boson production",
	journal        = "JHEP",
	volume         = "10",
	year           = "2013",
	pages          = "222",
	doi            = "10.1007/JHEP10(2013)222",
	eprint         = "1309.0017",
	archivePrefix  = "arXiv",
	primaryClass   = "hep-ph",
	reportNumber   = "MCNET-13-11, CERN-PH-TH-2013-205, OUTP-13-18P",
	SLACcitation   = "%%CITATION = ARXIV:1309.0017;%%"
}

%%%%%%% ADDITIONAL PAPERS USED IN DATASET & EVENT SELECTION %%%%%%%%
@article{Khachatryan:2015pea,
	author         = "Khachatryan, Vardan and others",
	title          = "{Event generator tunes obtained from underlying event and
	multiparton scattering measurements}",
	collaboration  = "CMS",
	journal        = "Eur. Phys. J. C",
	volume         = "76",
	year           = "2016",
	pages          = "155",
	doi            = "10.1140/epjc/s10052-016-3988-x",
	eprint         = "1512.00815",
	archivePrefix  = "arXiv",
	primaryClass   = "hep-ex",
	reportNumber   = "CMS-GEN-14-001, CERN-PH-EP-2015-291",
	SLACcitation   = "%%CITATION = ARXIV:1512.00815;%%"
}
@article{Sirunyan:2019dfx,
	author = "Sirunyan, Albert M and others",
	collaboration = "CMS",
	title = "{Extraction and validation of a new set of {CMS PYTHIA8} tunes from underlying-event measurements}",
	eprint = "1903.12179",
	archivePrefix = "arXiv",
	primaryClass = "hep-ex",
	reportNumber = "CMS-GEN-17-001, CERN-EP-2019-007",
	doi = "10.1140/epjc/s10052-019-7499-4",
	journal = "Eur. Phys. J. C",
	volume = "80",
	pages = "4",
	year = "2020"
}
@article{Ball:2014uwa,
	author = "Ball, Richard D. and others",
	collaboration = "NNPDF",
	title = "{Parton distributions for the {LHC Run II}}",
	eprint = "1410.8849",
	archivePrefix = "arXiv",
	primaryClass = "hep-ph",
	reportNumber = "EDINBURGH-2014-15, IFUM-1034-FT, CERN-PH-TH-2013-253, OUTP-14-11P, CAVENDISH-HEP-14-11",
	doi = "10.1007/JHEP04(2015)040",
	journal = "JHEP",
	volume = "04",
	pages = "040",
	year = "2015"
}
@article{PUmitigationCMS,
	author = "Sirunyan, Albert M and others",
	collaboration = "CMS",
	title = "{Pileup mitigation at CMS in 13 TeV data}",
	eprint = "2003.00503",
	archivePrefix = "arXiv",
	primaryClass = "hep-ex",
	reportNumber = "CMS-JME-18-001, CERN-EP-2020-017",
	doi = "10.1088/1748-0221/15/09/P09018",
	journal = "JINST",
	volume = "15",
	pages = "P09018",
	year = "2020"
}
@unpublished{EGM-17-001,
	author = "Sirunyan, Albert M and others",
	collaboration = "CMS",
	title = "{Electron and photon reconstruction and identification with the CMS experiment at the CERN LHC}",
	eprint = "2012.06888",
	archivePrefix = "arXiv",
	primaryClass = "hep-ex",
	reportNumber = "CMS-EGM-17-001",
	year = "2020",
	note = "Submitted to \textit{JINST}"
}
@TECHREPORT{DPS-2018,
	AUTHOR      = "{CMS Collaboration}",
	COLLABORATION = "CMS",
	TITLE       = "Electron and Photon performance in {CMS} with the full 2017 data sample and additional highlights for the {CALOR} 2018 conference",
	URL         = "http://cdsweb.cern.ch/record/2320638",
	TYPE        = "CMS Detector Performance Summary",
	NUMBER      = "CMS-DPS-2018/2017",
	YEAR        = "2018"
}
@unpublished{Chen:2016btl,
	author         = "Chen, Tianqi and Guestrin, Carlos",
	title          = "{XGBoost: A} Scalable Tree Boosting System",
	doi            = "10.1145/2939672.2939785",
	year           = "2016",
	eprint         = "1603.02754",
	archivePrefix  = "arXiv",
	primaryClass   = "cs.LG",
	SLACcitation   = "%%CITATION = ARXIV:1603.02754;%%"
}
@article{CMS:2011aa,
	author = "Chatrchyan, Serguei and others",
	archivePrefix = "arXiv",
	collaboration = "CMS",
	doi = "10.1007/JHEP10(2011)132",
	eprint = "1107.4789",
	journal = "JHEP",
	pages = "132",
	primaryClass = "hep-ex",
	reportNumber = "CERN-PH-EP-2011-107, CMS-EWK-10-005",
	title = "Measurement of the Inclusive {$W$ and $Z$} Production Cross Sections in $pp$ Collisions at {$\sqrt{s}=7$ TeV}",
	volume = "10",
	year = "2011"
}
@article{Khachatryan:2016kdb,
	author         = "Khachatryan, Vardan and others",
	title          = "{Jet energy scale and resolution in the CMS experiment in
	pp collisions at 8 TeV}",
	collaboration  = "CMS",
	journal        = "JINST",
	volume         = "12",
	year           = "2017",
	pages          = "P02014",
	doi            = "10.1088/1748-0221/12/02/P02014",
	eprint         = "1607.03663",
	archivePrefix  = "arXiv",
	primaryClass   = "hep-ex",
	reportNumber   = "CMS-JME-13-004, CERN-PH-EP-2015-305",
	SLACcitation   = "%%CITATION = ARXIV:1607.03663;%%"
}
@article{Sirunyan:2017ezt,
	author         = "Sirunyan, Albert M and others",
	title          = "{Identification of heavy-flavour jets with the CMS
	detector in pp collisions at 13 TeV}",
	collaboration  = "CMS",
	journal        = "JINST",
	volume         = "13",
	year           = "2018",
	pages          = "P05011",
	doi            = "10.1088/1748-0221/13/05/P05011",
	eprint         = "1712.07158",
	archivePrefix  = "arXiv",
	primaryClass   = "physics.ins-det",
	reportNumber   = "CMS-BTV-16-002, CERN-EP-2017-326",
	SLACcitation   = "%%CITATION = ARXIV:1712.07158;%%"
}
@article{Zyla:2020zbs,
	author = "{Particle Data Group} and Zyla, P. A. and others",
	title = "Review of particle physics",
	doi = "10.1093/ptep/ptaa104",
	journal = "Prog. Theor. Exp. Phys.",
	volume = "2020",
	pages = "083C01",
	year = "2020"
}

%%%%%%%%%%%%%%%% SIGNAL AND BACKGROUND PAPERS %%%%%%%%%%%%%%%%

@Article{Grazzini2015407,
	title = "{ZZ production at the LHC: Fiducial cross sections and distributions in NNLO QCD}",
	journal = "Phys. Lett. B ",
	volume = "750",
	pages = "407",
	year = "2015",
	issn = "0370-2693",
	doi = "10.1016/j.physletb.2015.09.055",
	eprint = "1507.06257",
	archivePrefix  = "arXiv",
	primaryClass   = "hep-ph",
	author = "Massimiliano Grazzini and Stefan Kallweit and Dirk Rathlev"
}
@article{Grazzini:2013mca,
	author         = "Grazzini, Massimiliano and Sargsyan, Hayk",
	title          = "{Heavy-quark mass effects in Higgs boson production at
	the LHC}",
	journal        = "JHEP",
	volume         = "09",
	year           = "2013",
	pages          = "129",
	doi            = "10.1007/JHEP09(2013)129",
	eprint         = "1306.4581",
	archivePrefix  = "arXiv",
	primaryClass   = "hep-ph",
	reportNumber   = "ZU-TH-10-13",
	SLACcitation   = "%%CITATION = ARXIV:1306.4581;%%"
}
@article{Bierweiler:2013dja,
	author         = "Bierweiler, Anastasiya and Kasprzik, Tobias and Kuhn, Johann H.",
	title          = "{Vector-boson pair production at the LHC to $\mathcal{O}(\alpha^3)$ accuracy}",
	journal        = "JHEP",
	volume         = "12",
	year           = "2013",
	pages          = "071",
	doi            = "10.1007/JHEP12(2013)071",
	eprint         = "1305.5402",
	archivePrefix  = "arXiv",
	primaryClass   = "hep-ph",
	SLACcitation   = "%%CITATION = ARXIV:1305.5402;%%"
}
@article{Landau:1944if,
	author         = "Landau, L.",
	title          = "{On the energy loss of fast particles by ionization}",
	journal        = "J. Phys. (USSR)",
	volume         = "8",
	pages          = "201",
	year           = "1944",
	SLACcitation   = "%%CITATION = JOPYA,8,201;%%",
}
@article{Bonvini:1304.3053,
	author         = "Bonvini, Marco and Caola, Fabrizio and Forte, Stefano and Melnikov, Kirill and Ridolfi, Giovanni",
	title          = "{Signal-background interference effects in $gg \to H \to WW$ beyond leading order}",
	journal        = "Phys. Rev. D",
	volume         = "88",
	pages          = "034032",
	year           = "2013",
	doi            = "10.1103/PhysRevD.88.034032",
	eprint         = "1304.3053",
	archivePrefix  = "arXiv",
	primaryClass   = "hep-ph",
	SLACcitation   = "%%CITATION = ARXIV:1304.3053;%%",
}
@article{Melnikov:2015laa,
	author         = "Melnikov, Kirill and Dowling, Matthew",
	title          = "{Production of two Z-bosons in gluon fusion in the heavy
	top quark approximation}",
	journal        = "Phys. Lett. B",
	volume         = "744",
	pages          = "43",
	doi            = "10.1016/j.physletb.2015.03.030",
	year           = "2015",
	eprint         = "1503.01274",
	archivePrefix  = "arXiv",
	primaryClass   = "hep-ph",
	reportNumber   = "TTP15-009",
	SLACcitation   = "%%CITATION = ARXIV:1503.01274;%%",
}
@article{Li:2015jva,
	author = "Li, Chong Sheng and Li, Hai Tao and Shao, Ding Yu and Wang, Jian",
	archivePrefix = "arXiv",
	doi = "10.1007/JHEP08(2015)065",
	eprint = "1504.02388",
	journal = "JHEP",
	pages = "065",
	primaryClass = "hep-ph",
	reportNumber = "MITP-15-016",
	title = "{Soft gluon resummation in the signal-background interference process of gg($\rightarrow$ h$^{*}$) $\rightarrow$ ZZ}",
	volume = "08",
	year = "2015"
}
@TECHREPORT{Heinemeyer:2013tqa,
	author         = "{LHC Higgs Cross Section Working Group}",
	editor         = "Heinemeyer, S",
	title          = "{Handbook of LHC Higgs Cross Sections: 3. Higgs
	Properties}",
	doi            = "10.5170/CERN-2013-004",
	type           = "CERN Report",
	year           = "2013",
	eprint         = "1307.1347",
	archivePrefix  = "arXiv",
	primaryClass   = "hep-ph",
	Number   = "CERN-2013-004",
	SLACcitation   = "%%CITATION = ARXIV:1307.1347;%%",
}
@article{Passarino:1312.2397v1,
	author         = "Passarino, Giampiero",
	title          = "{Higgs CAT}",
	journal        = "Eur. Phys. J. C",
	volume         = "74",
	pages          = "2866",
	year           = "2014",
	doi            = "10.1140/epjc/s10052-014-2866-7",
	eprint         = "1312.2397",
	archivePrefix  = "arXiv",
	primaryClass   = "hep-ph",
	SLACcitation   = "%%CITATION = ARXIV:1105.0020;%%",
}
@article{Grazzini:2008tf,
	author         = "Grazzini, Massimiliano",
	title          = "{NNLO predictions for the Higgs boson signal in the H
	$\to$ WW $\to\ell\nu\ell\nu$ and H$\to$ ZZ $\to4\ell$ decay
	channels}",
	journal        = "JHEP",
	volume         = "02",
	year           = "2008",
	pages          = "043",
	doi            = "10.1088/1126-6708/2008/02/043",
	eprint         = "0801.3232",
	archivePrefix  = "arXiv",
	primaryClass   = "hep-ph",
	SLACcitation   = "%%CITATION = ARXIV:0801.3232;%%"
}
@article{Catani:2007vq,
	author         = "Catani, Stefano and Grazzini, Massimiliano",
	title          = "{An NNLO subtraction formalism in hadron collisions and
	its application to Higgs boson production at the LHC}",
	journal        = "Phys. Rev. Lett.",
	volume         = "98",
	year           = "2007",
	pages          = "222002",
	doi            = "10.1103/PhysRevLett.98.222002",
	eprint         = "hep-ph/0703012",
	archivePrefix  = "arXiv",
	primaryClass   = "hep-ph",
	SLACcitation   = "%%CITATION = HEP-PH/0703012;%%"
}


%%%%%%%%%%%%%%%%%%% PREVIOUS HZZ4L PAPERS %%%%%%%%%%%%%%%%%%%
@article{CMSHIG19001,
	collaboration = "CMS",
	title = "{Measurements of properties of the Higgs boson in the four-lepton final state in proton-proton collisions at $\sqrt{s}=13~\mathrm{TeV}$}",
	reportNumber = "CMS-PAS-HIG-19-001",
	year = "2019"
}
@article{CMSHIG19009,
	collaboration = "CMS",
	title = "{Constraints on anomalous Higgs boson couplings to vector bosons and fermions in production and decay in the $H\to4\ell$ channel}",
	reportNumber = "CMS-PAS-HIG-19-009",
	year = "2020"
}
@article{Khachatryan:2015yvw,
	author = "Khachatryan, Vardan and others",
	collaboration = "CMS",
	title = "{Measurement of differential and integrated fiducial cross sections for Higgs boson production in the four-lepton decay channel in pp collisions at $ \sqrt{s}=7 $ and 8 TeV}",
	eprint = "1512.08377",
	archivePrefix = "arXiv",
	primaryClass = "hep-ex",
	reportNumber = "CMS-HIG-14-028, CERN-PH-EP-2015-285",
	doi = "10.1007/JHEP04(2016)005",
	journal = "JHEP",
	volume = "04",
	pages = "005",
	year = "2016"
}
@article{Gangal:2014qda,
	author = "Gangal, Shireen and Stahlhofen, Maximilian and Tackmann, Frank J.",
	title = "{Rapidity-Dependent Jet Vetoes}",
	eprint = "1412.4792",
	archivePrefix = "arXiv",
	primaryClass = "hep-ph",
	reportNumber = "DESY-14-240",
	doi = "10.1103/PhysRevD.91.054023",
	journal = "Phys. Rev. D",
	volume = "91",
	number = "5",
	pages = "054023",
	year = "2015"
}

%%%% Neyman Pearson Lemma
@article{NPLemma,
	date-added = {2021-03-29 16:32:01 +0200},
	date-modified = {2021-03-29 16:32:01 +0200},
	doi = {10.1098/rsta.1933.0009},
	journal = {Philosophical Transactions of the Royal Society of London. Series A, Containing Papers of a Mathematical or Physical Character},
	month = {feb},
	number = {694-706},
	pages = {289--337},
	publisher = {The Royal Society},
	title = {{IX}. On the problem of the most efficient tests of statistical hypotheses},
	url = {https://doi.org/10.1098%2Frsta.1933.0009},
	volume = {231},
	year = 1933,
	Bdsk-Url-1 = {https://doi.org/10.1098%2Frsta.1933.0009},
	Bdsk-Url-2 = {https://doi.org/10.1098/rsta.1933.0009}}

%%%%%%%%%%%%%%%%%%%%% STATISTICS PAPERS %%%%%%%%%%%%%%%%%%%%%%%%%
@techreport{LHC-HCG,
	title         = "Procedure for the {LHC} {Higgs} boson search combination in
	{Summer} 2011",
	author        = "{The ATLAS Collaboration, The CMS Collaboration, The LHC
	Higgs Combination Group}",
	number        = "CMS-NOTE-2011-005, ATL-PHYS-PUB-2011-11",
	year          = "2011",
	reportNumber  = "CMS-NOTE-2011-005",
	url           = "https://cds.cern.ch/record/1379837",
}
@article{Cowan_2011,
	title={Asymptotic formulae for likelihood-based tests of new physics},
	volume={71},
	ISSN={1434-6052},
	DOI={10.1140/epjc/s10052-011-1554-0},
	journal={Euro. Phys. J. C},
	publisher={Springer Science and Business Media LLC},
	author={Cowan, Glen and Cranmer, Kyle and Gross, Eilam and Vitells, Ofer},
	year={2011},
	pages={1554},
}
@article{Feldman:1997qc,
	author = "Feldman, Gary J. and Cousins, Robert D.",
	title = "{A Unified approach to the classical statistical analysis of small signals}",
	eprint = "physics/9711021",
	archivePrefix = "arXiv",
	reportNumber = "HUTP-97-A096",
	doi = "10.1103/PhysRevD.57.3873",
	journal = "Phys. Rev. D",
	volume = "57",
	pages = "3873--3889",
	year = "1998"
}
@article{ATLAS:2011tau,
	collaboration = "ATLAS, CMS, LHC Higgs Combination Group",
	title = "{Procedure for the LHC Higgs boson search combination in Summer 2011}",
	reportNumber = "CMS-NOTE-2011-005, ATL-PHYS-PUB-2011-011, ATL-PHYS-PUB-2011-11",
	month = "8",
	year = "2011"
}
@unpublished{Botje:2011sn,
	author = "Botje, Michiel and others",
	title = "{The PDF4LHC} Working Group Interim Recommendations",
	year = "2011",
	eprint = "1101.0538",
	archivePrefix = "arXiv",
	primaryClass = "hep-ph",
	SLACcitation = "%%CITATION = ARXIV:1101.0538;%%"
}
@unpublished{Alekhin:2011sk,
	author         = "Alekhin, Sergey and others",
	title          = "{The PDF4LHC} Working Group Interim Report",
	year           = "2011",
	eprint         = "1101.0536",
	archivePrefix  = "arXiv",
	primaryClass   = "hep-ph",
	SLACcitation   = "%%CITATION = ARXIV:1101.0536;%%"
}
%%%%%%%%%%%%%%%%%% TRILINEAR H COUPLING %%%%%%%%%%%%%%%%%%%%%%
@article{Degrassi:2016wml,
	author = "Degrassi, Giuseppe and Giardino, Pier Paolo and Maltoni, Fabio and Pagani, Davide",
	title = "{Probing the Higgs self coupling via single Higgs production at the LHC}",
	eprint = "1607.04251",
	archivePrefix = "arXiv",
	primaryClass = "hep-ph",
	reportNumber = "CP3-16-38, RM3-TH-16-8",
	doi = "10.1007/JHEP12(2016)080",
	journal = "JHEP",
	volume = "12",
	pages = "080",
	year = "2016"
}
@article{Maltoni:2017ims,
	author = "Maltoni, Fabio and Pagani, Davide and Shivaji, Ambresh and Zhao, Xiaoran",
	title = "{Trilinear Higgs coupling determination via single-Higgs differential measurements at the LHC}",
	eprint = "1709.08649",
	archivePrefix = "arXiv",
	primaryClass = "hep-ph",
	reportNumber = "CP3-17-37, TUM-HEP-1099-17, MCNET-17-18",
	doi = "10.1140/epjc/s10052-017-5410-8",
	journal = "Eur. Phys. J. C",
	volume = "77",
	number = "12",
	pages = "887",
	year = "2017"
}
@article{DiVita:2017eyz,
	author = "Di Vita, Stefano and Grojean, Christophe and Panico, Giuliano and Riembau, Marc and Vantalon, Thibaud",
	title = "{A global view on the Higgs self-coupling}",
	eprint = "1704.01953",
	archivePrefix = "arXiv",
	primaryClass = "hep-ph",
	reportNumber = "DESY-17-044",
	doi = "10.1007/JHEP09(2017)069",
	journal = "JHEP",
	volume = "09",
	pages = "069",
	year = "2017"
}
@url{EWKReweight,
	author = "Shivaji, Ambresh and Zhao, Xiaoran",
	title = "{Higgs Trilinear self-coupling determination through one-loop effects}",
	url = "https://cp3.irmp.ucl.ac.be/projects/madgraph/wiki/HiggsSelfCoupling"
}
@PHDTHESIS{Oreglia:1980cs,
	author    = "Oreglia, Mark Joseph",
	title     = "A study of the reactions $\psi^\prime \to \gamma \gamma \psi$",
	school    = {Stanford University},
	year      = 1980,
	note      = "{SLAC} Report {SLAC-R-236}",
	url       = "http://www.slac.stanford.edu/cgi-wrap/getdoc/slac-r-236.pdf"
}
%%%%%%%%%%%%%%%%%%%%%%%%%%%%%%%
%%%%%%%%%%%%%%%%%%%%%%%%%%%%%%%
%%%%%%%%%%%%%%%%%%%%%%%%%%%%%%%
%%%%%%%%%%%%%%%%%%%%%%%%%%%%%%%
%%%%%%%%%%%%%%%%%%%%%%%%%%%%%%%
%%%%%%%%%%%%%%%%%%%%%%%%%%%%%%%
@article{Sirunyan:2017ret,
    archiveprefix = {arXiv},
    author = {Sirunyan, Albert M and others},
    collaboration = {CMS},
    doi = {10.1103/PhysRevLett.120.081801},
    eprint = {1709.05822},
    journal = {Phys. Rev. Lett.},
    pages = {081801},
    primaryclass = {hep-ex},
    reportnumber = {CMS-SMP-17-004, CERN-EP-2017-232},
    slaccitation = {%%CITATION = ARXIV:1709.05822;%%},
    title = {{Observation of electroweak production of same-sign $\PW$
boson pairs in the two jet and two same-sign lepton final
state in proton-proton collisions at $\sqrt{s} = 13\TeV$}},
    volume = {120},
    year = {2018}
}

@article{covarelli_vector-boson_2021,
    archiveprefix = {arXiv},
    author = {Covarelli, Roberto and Pellen, Mathieu and Zaro, Marco},
    doi = {10.1142/S0217751X2130009X},
    eprint = {2102.10991},
    journal = {Int. J. Mod. Phys. A},
    pages = {2130009},
    primaryclass = {hep-ph},
    reportnumber = {FR-PHENO-2021-05, TIF-UNIMI-2021-2, VBSCAN-PUB-02-21},
    title = {{Vector-boson scattering at the LHC: unraveling the electroweak sector}},
    volume = {36},
    year = {2021}
}

@article{ballestrero_precise_2018,
    archiveprefix = {arXiv},
    author = {Ballestrero, Alessandro and others},
    doi = {10.1140/epjc/s10052-018-6136-y},
    eprint = {1803.07943},
    journal = {Eur. Phys. J. C},
    pages = {671},
    primaryclass = {hep-ph},
    reportnumber = {DESY-18-025, FR-PHENO-2018-003, KA-TP-05-2018, MCNET-18-06, NIKHEF-2018-012, UWTHPH-2018-12, VBSCAN-PUB-01-18, ZU-TH-08-18},
    title = {{Precise predictions for same-sign $\PW$-boson scattering at the LHC}},
    volume = {78},
    year = {2018}
}

@article{Jager:2020hkz,
    archiveprefix = {arXiv},
    author = {J{\"a}ger, Barbara and Karlberg, Alexander and Pl{\"a}tzer, Simon and Scheller, Johannes and Zaro, Marco},
    doi = {10.1140/epjc/s10052-020-8326-7},
    eprint = {2003.12435},
    journal = {Eur. Phys. J. C},
    pages = {756},
    primaryclass = {hep-ph},
    reportnumber = {OUTP-20-01P, MCNET-20-14, UWTHPH 2020-4, TIF-UNIMI-2020-10,
VBSCAN-PUB-01-20, TIF-UNIMI-2020-10, VBSCAN-PUB-01-20},
    title = {{Parton-shower effects in Higgs production via vector-boson fusion}},
    volume = {80},
    year = {2020}
}

@article{Bahr:2008pv,
    archiveprefix = {arXiv},
    author = {B{\"a}hr, Manuel and Gieseke, Stefan and Gigg, Martyn A. and Grellscheid,
David and Hamilton, Keith and Latunde-Dada, Oluseyi and Pl{\"a}tzer, Simon and Richardson, Peter
and Seymour, Michael H. and Sherstnev, Alexander and Webber, Bryan R.},
    doi = {10.1140/epjc/s10052-008-0798-9},
    eprint = {0803.0883},
    journal = {Eur. Phys. J. C},
    pages = {639},
    primaryclass = {hep-ph},
    reportnumber = {CERN-PH-TH-2008-038, CAVENDISH-HEP-08-03, KA-TP-05-2008,
DCPT-08-22, IPPP-08-11, CP3-08-05},
    slaccitation = {%%CITATION = ARXIV:0803.0883;%%},
    title = {Herwig++ physics and manual},
    volume = {58},
    year = {2008}
}

@article{Bellm:2015jjp,
    archiveprefix = {arXiv},
    author = {Bellm, Johannes and others},
    doi = {10.1140/epjc/s10052-016-4018-8},
    eprint = {1512.01178},
    journal = {Eur. Phys. J. C},
    pages = {196},
    primaryclass = {hep-ph},
    reportnumber = {CERN-PH-TH-2015-289, MAN-HEP-2015-15, IFJPAN-IV-2015-13, KA-TP-18-2015, DCPT-15-142, MCNET-15-28, IPPP-15-71, HERWIG-2015-01},
    title = {{Herwig 7.0/Herwig++ 3.0 release note}},
    volume = {76},
    year = {2016}
}

@article{Agostinelli:2002hh,
    author = {Agostinelli, S. and others},
    collaboration = {GEANT4},
    doi = {10.1016/S0168-9002(03)01368-8},
    journal = {Nucl. Instrum. Meth. A},
    pages = {250},
    reportnumber = {SLAC-PUB-9350, FERMILAB-PUB-03-339},
    title = "{\GEANTfour}---a simulation toolkit",
    volume = {506},
    year = {2003}
}

@article{Cacciari:2008gp,
    archiveprefix = {arXiv},
    author = {Cacciari, Matteo and Salam, Gavin P. and Soyez, Gregory},
    doi = {10.1088/1126-6708/2008/04/063},
    eprint = {0802.1189},
    journal = {JHEP},
    pages = {063},
    primaryclass = {hep-ex},
    title = {{The anti-\kt jet clustering algorithm}},
    volume = {04},
    year = {2008}
}

@article{Cacciari:2011ma,
    archiveprefix = {arXiv},
    author = {Cacciari, Matteo and Salam, Gavin P. and Soyez, Gregory},
    doi = {10.1140/epjc/s10052-012-1896-2},
    eprint = {1111.6097},
    journal = {Eur. Phys. J. C},
    pages = {1896},
    primaryclass = {hep-ph},
    reportnumber = {CERN-PH-TH-2011-297},
    title = {{FastJet user manual}},
    volume = {72},
    year = {2012}
}

@article{Sirunyan:2020foa,
    archiveprefix = {arXiv},
    author = {Sirunyan, Albert M and others},
    collaboration = {CMS},
    doi = {10.1088/1748-0221/15/09/P09018},
    eprint = {2003.00503},
    journal = {JINST},
    pages = {P09018},
    primaryclass = {hep-ex},
    reportnumber = {CMS-JME-18-001, CERN-EP-2020-017},
    title = {{Pileup mitigation at CMS in 13\TeV data}},
    volume = {15},
    year = {2020}
}

@article{Bertolini:2014bba,
    archiveprefix = {arXiv},
    author = {Bertolini, Daniele and Harris, Philip and Low, Matthew
and Tran, Nhan},
    doi = {10.1007/JHEP10(2014)059},
    eprint = {1407.6013},
    journal = {JHEP},
    pages = {059},
    primaryclass = {hep-ph},
    reportnumber = {FERMILAB-PUB-14-238-PPD, EFI-14-18, MIT-CTP-4558},
    slaccitation = {%%CITATION = ARXIV:1407.6013;%%},
    title = {{Pileup per particle identification}},
    volume = {10},
    year = {2014}
}

@article{Dasgupta:2013ihk,
    archiveprefix = {arXiv},
    author = {Dasgupta, Mrinal and Fregoso, Alessandro and Marzani,
Simone and Salam, Gavin P.},
    doi = {10.1007/JHEP09(2013)029},
    eprint = {1307.0007},
    journal = {JHEP},
    pages = {029},
    primaryclass = {hep-ph},
    reportnumber = {CERN-PH-TH-2013-145, DCPT-13-86, IPPP-13-43, LPN13-036,
MAN-HEP-2013-12},
    slaccitation = {%%CITATION = ARXIV:1307.0007;%%},
    title = {Towards an understanding of jet substructure},
    volume = {09},
    year = {2013}
}


@article{Butterworth:2008iy,
    archiveprefix = {arXiv},
    author = {Butterworth, Jonathan M. and Davison, Adam R. and Rubin,
Mathieu and Salam, Gavin P.},
    doi = {10.1103/PhysRevLett.100.242001},
    eprint = {0802.2470},
    journal = {Phys. Rev. Lett.},
    pages = {242001},
    primaryclass = {hep-ph},
    slaccitation = {%%CITATION = ARXIV:0802.2470;%%},
    title = {Jet substructure as a new {Higgs} search channel at the
{LHC}},
    volume = {100},
    year = {2008}
}

@article{Larkoski:2014wba,
    archiveprefix = {arXiv},
    author = {Larkoski, Andrew J. and Marzani, Simone and Soyez,
Gregory and Thaler, Jesse},
    doi = {10.1007/JHEP05(2014)146},
    eprint = {1402.2657},
    journal = {JHEP},
    pages = {146},
    primaryclass = {hep-ph},
    reportnumber = {MIT-CTP-4531, DCPT-14-24, IPPP-14-12},
    slaccitation = {%%CITATION = ARXIV:1402.2657;%%},
    title = {Soft drop},
    volume = {05},
    year = {2014}
}

@article{Dokshitzer:1997in,
    archiveprefix = {arXiv},
    author = {Dokshitzer, Yuri L. and Leder, G. D. and Moretti, S. and
Webber, B. R.},
    doi = {10.1088/1126-6708/1997/08/001},
    eprint = {hep-ph/9707323},
    journal = {JHEP},
    pages = {001},
    slaccitation = {%%CITATION = HEP-PH/9707323;%%},
    title = {Better jet clustering algorithms},
    volume = {08},
    year = {1997}
}

@inproceedings{Wobisch:1998wt,
    archiveprefix = {arXiv},
    author = {Wobisch, M. and Wengler, T.},
    booktitle = {{Proceedings of the Workshop on Monte Carlo Generators for HERA Physics, Hamburg, Germany}},
    eprint = {hep-ph/9907280},
    pages = {270},
    primaryclass = {hep-ph},
    reportnumber = {PITHA-99-16},
    slaccitation = {%%CITATION = HEP-PH/9907280;%%},
    title = {Hadronization corrections to jet cross-sections in deep
inelastic scattering},
    url = {https://inspirehep.net/record/484872},
    year = {1998}
}

@article{Khachatryan:2014vla,
    archiveprefix = {arXiv},
    author = {Khachatryan, Vardan and others},
    collaboration = {CMS},
    doi = {10.1007/JHEP12(2014)017},
    eprint = {1410.4227},
    journal = {JHEP},
    pages = {017},
    primaryclass = {hep-ex},
    reportnumber = {CMS-JME-13-006, CERN-PH-EP-2014-241},
    slaccitation = {%%CITATION = ARXIV:1410.4227;%%},
    title = {{Identification techniques for highly boosted $\PW$ bosons
that decay into hadrons}},
    volume = {12},
    year = {2014}
}

@article{Thaler:2010tr,
    archiveprefix = {arXiv},
    author = {Thaler, Jesse and Van Tilburg, Ken},
    doi = {10.1007/JHEP03(2011)015},
    eprint = {1011.2268},
    journal = {JHEP},
    pages = {015},
    primaryclass = {hep-ph},
    reportnumber = {MIT-CTP-4191},
    slaccitation = {%%CITATION = ARXIV:1011.2268;%%},
    title = "Identifying Boosted Objects with {$N$}-subjettiness",
    volume = {03},
    year = {2011}
}
@article{Alioli:2008gx,
    archiveprefix = {arXiv},
    author = {Alioli, Simone and Nason, Paolo and Oleari, Carlo and Re,
Emanuele},
    doi = {10.1088/1126-6708/2008/07/060},
    eprint = {0805.4802},
    journal = {JHEP},
    pages = {060},
    primaryclass = {hep-ph},
    reportnumber = {NSF-KITP-08-74},
    slaccitation = {%%CITATION = ARXIV:0805.4802;%%},
    title = {{NLO} vector-boson production matched with shower in {POWHEG}},
    volume = {07},
    year = {2008}
}

@article{Aaboud:2019nmv,
    archiveprefix = {arXiv},
    author = {Aaboud, Morad and others},
    collaboration = {ATLAS},
    doi = {10.1103/PhysRevLett.123.161801},
    eprint = {1906.03203},
    journal = {Phys. Rev. Lett.},
    pages = {161801},
    primaryclass = {hep-ex},
    reportnumber = {CERN-EP-2019-008},
    slaccitation = {%%CITATION = ARXIV:1906.03203;%%},
    title = {{Observation of electroweak production of a same-sign $W$
boson pair in association with two jets in $pp$ collisions
at $\sqrt{s}=13\TeV$ with the ATLAS detector}},
    volume = {123},
    year = {2019}
}

@article{Sirunyan:2019ksz,
    archiveprefix = {arXiv},
    author = {Sirunyan, Albert M and others},
    collaboration = {CMS},
    doi = {10.1016/j.physletb.2019.05.042},
    eprint = {1901.04060},
    journal = {Phys. Lett. B},
    pages = {281},
    primaryclass = {hep-ex},
    reportnumber = {CMS-SMP-18-001, CERN-EP-2018-333},
    slaccitation = {%%CITATION = ARXIV:1901.04060;%%},
    title = {{Measurement of electroweak $\PW\PZ$ boson production and
search for new physics in $\PW\PZ$ + two jets events in $\Pp\Pp$
collisions at $\sqrt{s} =13\TeV$}},
    volume = {795},
    year = {2019}
}

@article{Aaboud:2018ddq,
    archiveprefix = {arXiv},
    author = {Aaboud, Morad and others},
    collaboration = {ATLAS},
    doi = {10.1016/j.physletb.2019.05.012},
    eprint = {1812.09740},
    journal = {Phys. Lett. B},
    pages = {469},
    primaryclass = {hep-ex},
    reportnumber = {CERN-EP-2018-286},
    slaccitation = {%%CITATION = ARXIV:1812.09740;%%},
    title = {{Observation of electroweak $WZ$ boson pair
production in association with two jets in $pp$ collisions
at $\sqrt{s} = 13\TeV$ with the ATLAS detector}},
    volume = {793},
    year = {2019}
}

@unpublished{ATLAS:2020nlt,
    archiveprefix = {arXiv},
    author = {Aad, Georges and others},
    collaboration = {ATLAS},
    eprint = {2004.10612},
    note = {Submitted to \textit{Nature Physics}},
    primaryclass = {hep-ex},
    reportnumber = {CERN-EP-2020-016},
    title = {{Observation of electroweak production of two jets and a $Z$-boson pair with the ATLAS detector at the LHC}},
    year = {2020}
}

@article{Sirunyan:2017fvv,
    archiveprefix = {arXiv},
    author = {Sirunyan, Albert M and others},
    collaboration = {CMS},
    doi = {10.1016/j.physletb.2017.10.020},
    eprint = {1708.02812},
    journal = {Phys. Lett. B},
    pages = {682},
    primaryclass = {hep-ex},
    reportnumber = {CMS-SMP-17-006, CERN-EP-2017-177},
    slaccitation = {%%CITATION = ARXIV:1708.02812;%%},
    title = {{Measurement of vector boson scattering and constraints
on anomalous quartic couplings from events with four
leptons and two jets in proton-proton collisions at
$\sqrt{s}=13\TeV$}},
    volume = {774},
    year = {2017}
}

@article{CMS:2021gme,
    author = "Tumasyan, Armen and others",
    collaboration = "CMS",
    title = "{Measurement of the electroweak production of Z$\gamma$ and two jets in proton-proton collisions at $\sqrt{s} =$ 13 TeV and constraints on anomalous quartic gauge couplings}",
    eprint = "2106.11082",
    archivePrefix = "arXiv",
    primaryClass = "hep-ex",
    reportNumber = "CMS-SMP-20-016, CERN-EP-2021-095",
    doi = "10.1103/PhysRevD.104.072001",
    journal = "Phys. Rev. D",
    volume = "104",
    pages = "072001",
    year = "2021"
}

@article{ATLAS:2019qhm,
    author = "Aad, Georges and others",
    collaboration = "ATLAS",
    title = "{Evidence for electroweak production of two jets in association with a $Z\gamma$ pair in $pp$ collisions at $\sqrt{s} = 13$ TeV with the ATLAS detector}",
    eprint = "1910.09503",
    archivePrefix = "arXiv",
    primaryClass = "hep-ex",
    reportNumber = "CERN-EP-2019-206",
    doi = "10.1016/j.physletb.2020.135341",
    journal = "Phys. Lett. B",
    volume = "803",
    pages = "135341",
    year = "2020"
}

@article{ATLAS:2008xda,
    author = {Aad, G. and others},
    collaboration = {ATLAS},
    doi = {10.1088/1748-0221/3/08/S08003},
    journal = {JINST},
    pages = {S08003},
    title = {{The ATLAS Experiment at the CERN Large Hadron Collider}},
    volume = {3},
    year = {2008}
}

@article{Chatrchyan:2008zzk,
    author = {Chatrchyan, S. and others},
    collaboration = {CMS},
    doi = {10.1088/1748-0221/3/08/S08004},
    journal = {JINST},
    pages = {S08004},
    title = {The {CMS} experiment at the {CERN} {LHC}},
    volume = {3},
    year = {2008}
}

@article{Alessandro:2018khj,
    archiveprefix = {arXiv},
    author = {Anders, C. F. and others},
    doi = {10.1016/j.revip.2018.11.001},
    eprint = {1801.04203},
    journal = {Rev. Phys.},
    pages = {44},
    primaryclass = {hep-ph},
    reportnumber = {VBSCAN-PUB-01-17, FERMILAB-CONF-18-021-PPD, VBSCan-PUB-01-17},
    title = {{Vector boson scattering: Recent experimental and theory developments}},
    volume = {3},
    year = {2018}
}

@article{Sirunyan:2019der,
    archiveprefix = {arXiv},
    author = {Sirunyan, Albert M and others},
    collaboration = {CMS},
    doi = {10.1016/j.physletb.2019.134985},
    eprint = {1905.07445},
    journal = {Phys. Lett. B},
    pages = {134985},
    primaryclass = {hep-ex},
    reportnumber = {CMS-SMP-18-006, CERN-EP-2019-089},
    slaccitation = {%%CITATION = ARXIV:1905.07445;%%},
    title = {{Search for anomalous electroweak production of vector
boson pairs in association with two jets in proton-proton
collisions at 13\TeV}},
    volume = {798},
    year = {2019}
}

@article{Aad:2019xxo,
    archiveprefix = {arXiv},
    author = {Aad, Georges and others},
    collaboration = {ATLAS},
    doi = {10.1103/PhysRevD.100.032007},
    eprint = {1905.07714},
    journal = {Phys. Rev. D},
    pages = {032007},
    primaryclass = {hep-ex},
    reportnumber = {CERN-EP-2019-072},
    slaccitation = {%%CITATION = ARXIV:1905.07714;%%},
    title = {{Search for the electroweak diboson production in
association with a high-mass dijet system in semileptonic
final states in $pp$ collisions at $\sqrt{s}=13\TeV$ with
the ATLAS detector}},
    volume = {100},
    year = {2019}
}

@article{ATLAS:2016nmw,
    author = "Aaboud, Morad and others",
    collaboration = "ATLAS",
    title = "{Search for anomalous electroweak production of $WW/WZ$ in association with a high-mass dijet system in $pp$ collisions at $\sqrt{s}=8$ TeV with the ATLAS detector}",
    eprint = "1609.05122",
    archivePrefix = "arXiv",
    primaryClass = "hep-ex",
    reportNumber = "CERN-EP-2016-171",
    doi = "10.1103/PhysRevD.95.032001",
    journal = "Phys. Rev. D",
    volume = "95",
    number = "3",
    pages = "032001",
    year = "2017"
}

@article{Frixione:2002ik,
    archiveprefix = {arXiv},
    author = {Frixione, Stefano and Webber, Bryan R.},
    doi = {10.1088/1126-6708/2002/06/029},
    eprint = {hep-ph/0204244},
    journal = {JHEP},
    pages = {029},
    primaryclass = {hep-ph},
    reportnumber = {CAVENDISH-HEP-02-01, LAPTH-905-02, GEF-TH-2-2002},
    slaccitation = {%%CITATION = HEP-PH/0204244;%%},
    title = {{Matching NLO QCD computations and parton shower
simulations}},
    volume = {06},
    year = {2002}
}


%%%%%%%%%%%%%%%%%%%%%%%%%%%%%% Introduction START %%%%%%%%%%%%%%%%
@article{Aad:2012tfa,
    author = "Aad, Georges and others",
    collaboration = "ATLAS",
    title = "{Observation of a new particle in the search for the Standard Model Higgs boson with the ATLAS detector at the LHC}",
    eprint = "1207.7214",
    archivePrefix = "arXiv",
    primaryClass = "hep-ex",
    reportNumber = "CERN-PH-EP-2012-218",
    doi = "10.1016/j.physletb.2012.08.020",
    journal = "Phys. Lett. B",
    volume = "716",
    pages = "1--29",
    year = "2012"
}

@article{Chatrchyan:2012ufa,
    author = "Chatrchyan, Serguei and others",
    collaboration = "CMS",
    title = "{Observation of a New Boson at a Mass of 125 GeV with the CMS Experiment at the LHC}",
    eprint = "1207.7235",
    archivePrefix = "arXiv",
    primaryClass = "hep-ex",
    reportNumber = "CMS-HIG-12-028, CERN-PH-EP-2012-220",
    doi = "10.1016/j.physletb.2012.08.021",
    journal = "Phys. Lett. B",
    volume = "716",
    pages = "30--61",
    year = "2012"
}
@article{Chatrchyan:2013lba,
    author = "Chatrchyan, Serguei and others",
    collaboration = "CMS",
    title = "{Observation of a New Boson with Mass Near 125 GeV in $pp$ Collisions at $\sqrt{s}$ = 7 and 8 TeV}",
    eprint = "1303.4571",
    archivePrefix = "arXiv",
    primaryClass = "hep-ex",
    reportNumber = "CMS-HIG-12-036, CERN-PH-EP-2013-035",
    doi = "10.1007/JHEP06(2013)081",
    journal = "JHEP",
    volume = "06",
    pages = "081",
    year = "2013"
}
@article{Mangano:2019kji,
    author = "Mangano, Michelangelo",
    title = "{TASI Lectures on Future Colliders}",
    eprint = "1905.07489",
    archivePrefix = "arXiv",
    primaryClass = "hep-ph",
    reportNumber = "CERN-TH-2019-073",
    journal = "PoS",
    volume = "TASI2018",
    pages = "008",
    year = "2019"
}

@article{deFlorian:2016spz,
      author         = "de Florian, D. and others",
      title          = "{Handbook of LHC Higgs Cross Sections: 4. Deciphering the
                        Nature of the Higgs Sector}",
      collaboration  = "LHC Higgs Cross Section Working Group",
      doi            = "10.23731/CYRM-2017-002",
      year           = "2016",
      eprint         = "1610.07922",
      archivePrefix  = "arXiv",
      primaryClass   = "hep-ph",
      reportNumber   = "FERMILAB-FN-1025-T, CERN-2017-002-M",
      SLACcitation   = "%%CITATION = ARXIV:1610.07922;%%"
}

@article{Nakamura:2017irk,
      author         = "Nakamura, Koji and Nishiwaki, Kenji and Oda, Kin-ya and
                        Park, Seong Chan and Yamamoto, Yasuhiro",
      title          = "{Di-higgs enhancement by neutral scalar as probe of new
                        colored sector}",
      journal        = "Eur. Phys. J.",
      volume         = "C77",
      year           = "2017",
      number         = "5",
      pages          = "273",
      doi            = "10.1140/epjc/s10052-017-4835-4",
      eprint         = "1701.06137",
      archivePrefix  = "arXiv",
      primaryClass   = "hep-ph",
      reportNumber   = "KIAS-P17006, OU-HET-923",
      SLACcitation   = "%%CITATION = ARXIV:1701.06137;%%"
}

@article{Englert:2019eyl,
      author         = "Englert, Christoph and Jaeckel, Joerg",
      title          = "{Probing the Symmetric Higgs Portal with Di-Higgs
                        Production}",
      year           = "2019",
      eprint         = "1908.10615",
      archivePrefix  = "arXiv",
      primaryClass   = "hep-ph",
      SLACcitation   = "%%CITATION = ARXIV:1908.10615;%%"
}

@article{Robens:2019kga,
      author         = "Robens, Tania and Stefaniak, Tim and Wittbrodt, Jonas",
      title          = "{Two-real-scalar-singlet extension of the SM: LHC
                        phenomenology and benchmark scenarios}",
      year           = "2019",
      eprint         = "1908.08554",
      archivePrefix  = "arXiv",
      primaryClass   = "hep-ph",
      reportNumber   = "DESY-19-142",
      SLACcitation   = "%%CITATION = ARXIV:1908.08554;%%"
}

@article{Tang:2012pv,
      author         = "Tang, Yong",
      title          = "{Implications of LHC Searches for Massive Graviton}",
      journal        = "JHEP",
      volume         = "08",
      year           = "2012",
      pages          = "078",
      doi            = "10.1007/JHEP08(2012)078",
      eprint         = "1206.6949",
      archivePrefix  = "arXiv",
      primaryClass   = "hep-ph",
      SLACcitation   = "%%CITATION = ARXIV:1206.6949;%%"
}
%%%%%%%%%%%%%%%%%%%%%%%%%%%%%% Introduction END %%%%%%%%%%%%%%%%

%%%%%%%%%%%%%%%%%%%%%%%%%%%%%% Common Hgg PAPER/PAS/AN%%%%%%%%%%%%%%%%
@ARTICLE{AN-19-149,
  AUTHOR       = "{Higgs to Gamma Gamma Working Group}",
  TITLE        = "{Common tools for analyses of Higgs boson decay in the diphoton final state}",
  JOURNAL      = "CMS Analysis Note AN-2019-149",
  URL          = {http://cms.cern.ch/iCMS/jsp/db_notes/noteInfo.jsp?cmsnoteid=CMS\%20AN-2019/149},
  VOLUME       = "2019/149",
  YEAR         = "2019"
}

@article{Sirunyan:2018ouh,
      author         = "Sirunyan, A. M. and others",
      title          = "{Measurements of Higgs boson properties in the diphoton
                        decay channel in proton-proton collisions at $\sqrt{s} =$
                        13 TeV}",
      collaboration  = "CMS",
      journal        = "JHEP",
      volume         = "11",
      year           = "2018",
      pages          = "185",
      doi            = "10.1007/JHEP11(2018)185",
      eprint         = "1804.02716",
      archivePrefix  = "arXiv",
      primaryClass   = "hep-ex",
      reportNumber   = "CMS-HIG-16-040, CERN-EP-2018-060",
      SLACcitation   = "%%CITATION = ARXIV:1804.02716;%%"
}

@article{DBLP:journals/corr/abs-1211-6581,
  author    = {Eleftherios Spyromitros-Xioufis and
               William Groves and
               Grigorios Tsoumakas and
               Ioannis Vlahavas},
  title     = "Multi-target regression via input space expansion: treating targets as inputs",
  journal   = {Mach Learn},
  volume    = {104},
  year      = {2016},
  doi       = "10.1007/s10994-016-5546-z",
  archivePrefix = {arXiv},
  eprint    = "1211.6581",
  timestamp = {Mon, 13 Aug 2018 16:47:39 +0200},
  biburl    = {https://dblp.org/rec/bib/journals/corr/abs-1211-6581},
  bibsource = {dblp computer science bibliography, https://dblp.org}
}
%%%%%%%%%%%%%%%%%%%%%%%%%%%%%% Common Hgg PAPER/PAS/AN END%%%%%%%%%%%%

%%%%%%%%%%%%%%%%%%%%%%%%%%%%%% MC SAMPLES START %%%%%%%%%%%%%%%%%%%%%%%%%%%%%%
@article{Alwall:2014hca,
    author = "Alwall, J. and Frederix, R. and Frixione, S. and Hirschi, V. and Maltoni, F. and Mattelaer, O. and Shao, H. -S. and Stelzer, T. and Torrielli, P. and Zaro, M.",
    title = "{The automated computation of tree-level and next-to-leading order differential cross sections, and their matching to parton shower simulations}",
    eprint = "1405.0301",
    archivePrefix = "arXiv",
    primaryClass = "hep-ph",
    reportNumber = "CERN-PH-TH-2014-064, CP3-14-18, LPN14-066, MCNET-14-09, ZU-TH-14-14",
    doi = "10.1007/JHEP07(2014)079",
    journal = "JHEP",
    volume = "07",
    pages = "079",
    year = "2014"
}

@article{Alwall:2007fs,
      author         = "Alwall, J. and H{\"o}che, S. and Krauss, F. and
                        Lavesson, N. and L{\"o}nnblad, L. and Maltoni, F. and
                        Mangano, M. L. and Moretti, M. and Papadopoulos, C. G. and
                        Piccinini, F. and Schumann, S. and Treccani, M. and
                        Winter, J. and Worek, M.",
      title          = "Comparative study of various algorithms for the merging
                        of parton showers and matrix elements in hadronic
                        collisions",
      journal        = "Eur. Phys. J. C",
      volume         = "53",
      pages          = "473",
      doi            = "10.1140/epjc/s10052-007-0490-5",
      year           = "2008",
      eprint         = "0706.2569",
      archivePrefix  = "arXiv",
      primaryClass   = "hep-ph",
      reportNumber   = "SLAC-PUB-12604, CERN-PH-TH-2007-066, LU-TP-07-13,
                        KA-TP-06-2007, DCPT-07-62, IPPP-07-31",
      SLACcitation   = "%%CITATION = ARXIV:0706.2569;%%",
}

@article{campbell_precision_2019,
    archiveprefix = {arXiv},
    author = {Campbell, John and Neumann, Tobias},
    doi = {10.1007/JHEP12(2019)034},
    eprint = {1909.09117},
    journal = {JHEP},
    pages = {034},
    primaryclass = {hep-ph},
    reportnumber = {FERMILAB-PUB-19-477-T, IIT-CAPP-19-03},
    title = {{Precision phenomenology with MCFM}},
    volume = {12},
    year = {2019}
}

@article{campbell_multi-threaded_2015,
    author = {Campbell, John M. and Ellis, R. Keith and Giele, Walter T.},
    doi = {10.1140/epjc/s10052-015-3461-2},
    eprint = {1503.06182},
    issn = {1434-6052},
    journal = {Eur. Phys. J. C},
    pages = {246},
    reportnumber = {Fermilab-PUB-15-043},
    risfield_0_da = {2015/06/03},
    title = {A multi-threaded version of {MCFM}},
    volume = {75},
    year = {2015}
}

@article{campbell_vector_2011,
    archiveprefix = {arXiv},
    author = {Campbell, John M. and Ellis, R. Keith and Williams, Ciaran},
    doi = {10.1007/JHEP07(2011)018},
    eprint = {1105.0020},
    journal = {JHEP},
    pages = {018},
    primaryclass = {hep-ph},
    reportnumber = {FERMILAB-PUB-11-182-T},
    title = {{Vector boson pair production at the LHC}},
    volume = {07},
    year = {2011}
}

@article{campbell_update_1999,
    archiveprefix = {arXiv},
    author = {Campell, John M. and Ellis, R. Keith},
    doi = {10.1103/PhysRevD.60.113006},
    eprint = {hep-ph/9905386},
    journal = {Phys. Rev. D},
    pages = {113006},
    reportnumber = {FERMILAB-PUB-99-146-T},
    title = {{An update on vector boson pair production at hadron colliders}},
    volume = {60},
    year = {1999}
}

@article{Czakon:2017wor,
    archiveprefix = {arXiv},
    author = {Czakon, Michal and Heymes, David and Mitov, Alexander and Pagani, Davide and Tsinikos, Ioannis and Zaro, Marco},
    doi = {10.1007/JHEP10(2017)186},
    eprint = {1705.04105},
    journal = {JHEP},
    pages = {186},
    primaryclass = {hep-ph},
    reportnumber = {CAVENDISH-HEP-17-07, CP3-17-12, TUM-HEP-1084-17, TTK-17-15},
    title = {{Top-pair production at the LHC through NNLO QCD and NLO EW}},
    volume = {10},
    year = {2017}
}

@article{CMS:2016oae,
    archiveprefix = {arXiv},
    author = {Khachatryan, Vardan and others},
    collaboration = {CMS},
    doi = {10.1103/PhysRevD.95.092001},
    eprint = {1610.04191},
    journal = {Phys. Rev. D},
    pages = {092001},
    primaryclass = {hep-ex},
    reportnumber = {CMS-TOP-16-008, CERN-EP-2016-227},
    title = {{Measurement of differential cross sections for top quark pair production using the lepton+jets final state in proton-proton collisions at 13\TeV}},
    volume = {95},
    year = {2017}
}

@article{CMS:2019raw,
    archiveprefix = {arXiv},
    author = {Sirunyan, Albert M and others},
    collaboration = {CMS},
    doi = {10.1007/JHEP12(2019)061},
    eprint = {1909.04133},
    journal = {JHEP},
    pages = {061},
    primaryclass = {hep-ex},
    reportnumber = {CMS-SMP-17-010, CERN-EP-2019-175},
    title = {{Measurements of differential $\PZ$ boson production cross sections in proton-proton collisions at $\sqrt{s} = 13\TeV$}},
    volume = {12},
    year = {2019}
}

@article{Skands:2014pea,
    archiveprefix = {arXiv},
    author = {Skands, Peter and Carrazza, Stefano and Rojo, Juan},
    doi = {10.1140/epjc/s10052-014-3024-y},
    eprint = {1404.5630},
    journal = {Eur. Phys. J. C},
    pages = {3024},
    primaryclass = {hep-ph},
    reportnumber = {CERN-PH-TH-2014-069, MCNET-14-08, OUTP-14-05P},
    title = {{Tuning PYTHIA 8.1: the Monash 2013 Tune}},
    volume = {74},
    year = {2014}
}

@article{CMS:2015wcf,
    archiveprefix = {arXiv},
    author = {Khachatryan, Vardan and others},
    collaboration = {CMS},
    doi = {10.1140/epjc/s10052-016-3988-x},
    eprint = {1512.00815},
    journal = {Eur. Phys. J. C},
    pages = {155},
    primaryclass = {hep-ex},
    reportnumber = {CMS-GEN-14-001, CERN-PH-EP-2015-291},
    title = {{Event generator tunes obtained from underlying event and multiparton scattering measurements}},
    volume = {76},
    year = {2016}
}

@article{CMS:2019csb,
    archiveprefix = {arXiv},
    author = {Sirunyan, Albert M and others},
    collaboration = {CMS},
    doi = {10.1140/epjc/s10052-019-7499-4},
    eprint = {1903.12179},
    journal = {Eur. Phys. J. C},
    pages = {4},
    primaryclass = {hep-ex},
    reportnumber = {CMS-GEN-17-001, CERN-EP-2019-007},
    title = {{Extraction and validation of a new set of CMS PYTHIA8 tunes from underlying-event measurements}},
    volume = {80},
    year = {2020}
}

@article{Ball:2017nwa,
    archiveprefix = {arXiv},
    author = {Ball, Richard D. and others},
    collaboration = {NNPDF},
    doi = {10.1140/epjc/s10052-017-5199-5},
    eprint = {1706.00428},
    journal = {Eur. Phys. J. C},
    pages = {663},
    primaryclass = {hep-ph},
    reportnumber = {EDINBURGH-2017-08, NIKHEF-2017-006, OUTP-17-04P, TIF-UNIMI-2017-3, CAVENDISH-HEP-17-06, CERN-TH-2017-077, Edinburgh 2017/08,
Nikhef/2017-006, OUTP-17-04P,TIF-UNIMI-2017-3},
    title = {{Parton distributions from high-precision collider data}},
    volume = {77},
    year = {2017}
}

@article{Nason:2004rx,
    author = "Nason, Paolo",
    title = "{A New method for combining NLO QCD with shower Monte Carlo algorithms}",
    eprint = "hep-ph/0409146",
    archivePrefix = "arXiv",
    reportNumber = "BICOCCA-FT-04-11",
    doi = "10.1088/1126-6708/2004/11/040",
    journal = "JHEP",
    volume = "11",
    pages = "040",
    year = "2004"
}

@article{Frixione:2007vw,
    author = "Frixione, Stefano and Nason, Paolo and Oleari, Carlo",
    title = "{Matching NLO QCD computations with Parton Shower simulations: the POWHEG method}",
    eprint = "0709.2092",
    archivePrefix = "arXiv",
    primaryClass = "hep-ph",
    reportNumber = "BICOCCA-FT-07-9, GEF-TH-21-2007",
    doi = "10.1088/1126-6708/2007/11/070",
    journal = "JHEP",
    volume = "11",
    pages = "070",
    year = "2007"
}

@article{Alioli:2010xd,
    author = "Alioli, Simone and Nason, Paolo and Oleari, Carlo and Re, Emanuele",
    title = "{A general framework for implementing NLO calculations in shower Monte Carlo programs: the POWHEG BOX}",
    eprint = "1002.2581",
    archivePrefix = "arXiv",
    primaryClass = "hep-ph",
    reportNumber = "DESY-10-018, SFB-CPP-10-22, IPPP-10-11, DCPT-10-22",
    doi = "10.1007/JHEP06(2010)043",
    journal = "JHEP",
    volume = "06",
    pages = "043",
    year = "2010"
}

@article{Heinrich:2019bkc,
    author = "Heinrich, G. and Jones, S.P. and Kerner, M. and Luisoni, G. and Scyboz, L.",
    title = "{Probing the trilinear Higgs boson coupling in di-Higgs production at NLO QCD including parton shower effects}",
    eprint = "1903.08137",
    archivePrefix = "arXiv",
    primaryClass = "hep-ph",
    reportNumber = "CERN-TH-2019-028, MPP-2019-50, ZU-TH-09/19",
    doi = "10.1007/JHEP06(2019)066",
    journal = "JHEP",
    volume = "06",
    pages = "066",
    year = "2019"
}

@article{Sjostrand:2014zea,
      author         = "Sj{\"o}strand, Torbj{\"o}rn and Ask, Stefan and Christiansen,
                        Jesper R. and Corke, Richard and Desai, Nishita and Ilten,
                        Philip and Mrenna, Stephen and Prestel, Stefan and
                        Rasmussen, Christine O. and Skands, Peter Z.",
      title          = "{An Introduction to PYTHIA 8.2}",
      journal        = "Comput. Phys. Commun.",
      volume         = "191",
      year           = "2015",
      pages          = "159-177",
      doi            = "10.1016/j.cpc.2015.01.024",
      eprint         = "1410.3012",
      archivePrefix  = "arXiv",
      primaryClass   = "hep-ph",
      reportNumber   = "LU-TP-14-36, MCNET-14-22, CERN-PH-TH-2014-190,
                        FERMILAB-PUB-14-316-CD, DESY-14-178, SLAC-PUB-16122",
      SLACcitation   = "%%CITATION = ARXIV:1410.3012;%%"
}

@article{Khachatryan:2015pea,
      author         = "Khachatryan, Vardan and others",
      title          = "{Event generator tunes obtained from underlying event and
                        multiparton scattering measurements}",
      collaboration  = "CMS",
      journal        = "Eur. Phys. J.",
      volume         = "C76",
      year           = "2016",
      number         = "3",
      pages          = "155",
      doi            = "10.1140/epjc/s10052-016-3988-x",
      eprint         = "1512.00815",
      archivePrefix  = "arXiv",
      primaryClass   = "hep-ex",
      reportNumber   = "CMS-GEN-14-001, CERN-PH-EP-2015-291",
      SLACcitation   = "%%CITATION = ARXIV:1512.00815;%%"
}

@article{Sirunyan:2019dfx,
      author         = "Sirunyan, Albert M and others",
      title          = "{Extraction and validation of a new set of CMS PYTHIA8
                        tunes from underlying-event measurements}",
      collaboration  = "CMS",
      year           = "2019",
      eprint         = "1903.12179",
      archivePrefix  = "arXiv",
      primaryClass   = "hep-ex",
      reportNumber   = "CMS-GEN-17-001, CERN-EP-2019-007",
      SLACcitation   = "%%CITATION = ARXIV:1903.12179;%%"
}
%%%%%%%%%%%%%%%%%%%%%%%%%%%%%% MC SAMPLES END %%%%%%%%%%%%%%%%%%%%%%%%%%%%%%

%%%%%%%%%%%%%%%%%%%%%%%%%%%%%% START: Even Selection/Reconstruction %%%%%%%%%%%%%%%%%%%%%%%%%%%%%%

@article{Sirunyan:2017ulk,
    author = "Sirunyan, A. M. and others",
    collaboration = "CMS",
    title = "{Particle-flow reconstruction and global event description with the CMS detector}",
    eprint = "1706.04965",
    archivePrefix = "arXiv",
    primaryClass = "physics.ins-det",
    reportNumber = "CMS-PRF-14-001, CERN-EP-2017-110",
    doi = "10.1088/1748-0221/12/10/P10003",
    journal = "JINST",
    volume = "12",
    number = "10",
    pages = "P10003",
    year = "2017"
}

@article{Khachatryan:2014ira,
    author = "Khachatryan, Vardan and others",
    collaboration = "CMS",
    title = "{Observation of the Diphoton Decay of the Higgs Boson and Measurement of Its Properties}",
    eprint = "1407.0558",
    archivePrefix = "arXiv",
    primaryClass = "hep-ex",
    reportNumber = "CMS-HIG-13-001, CERN-PH-EP-2014-117",
    doi = "10.1140/epjc/s10052-014-3076-z",
    journal = "Eur. Phys. J. C",
    volume = "74",
    number = "10",
    pages = "3076",
    year = "2014"
}

@article{Chatrchyan:2014fea,
    author = "Chatrchyan, Serguei and others",
    collaboration = "CMS",
    title = "{Description and performance of track and primary-vertex reconstruction with the CMS tracker}",
    eprint = "1405.6569",
    archivePrefix = "arXiv",
    primaryClass = "physics.ins-det",
    reportNumber = "CMS-TRK-11-001, CERN-PH-EP-2014-070",
    doi = "10.1088/1748-0221/9/10/P10009",
    journal = "JINST",
    volume = "9",
    number = "10",
    pages = "P10009",
    year = "2014"
}
%%%%%%%%%%%%%%%%%%%%%%%%%%%%%% END: Even Selection/Reconstruction %%%%%%%%%%%%%%%%%%%%%%%%%%%%%%

%%%%%%%%%%%%%%%%%%%%%%%%%%%%%% EFT START %%%%%%%%%%%%%%%%%%%%%%%%%%%%%%
@article{Carvalho:2016rys,
    author = "Carvalho, Alexandra and Dall'Osso, Martino and De Castro Manzano, Pablo and Dorigo, Tommaso and Goertz, Florian and Gouzevich, Maxime and Tosi, Mia",
    title = "{Analytical parametrization and shape classification of anomalous HH production in the EFT approach}",
    eprint = "1608.06578",
    archivePrefix = "arXiv",
    primaryClass = "hep-ph",
    reportNumber = "LHCHXSWG-2016-001",
    month = "7",
    year = "2016"
}

@article{Carvalho:2015ttv,
    author = "Carvalho, Alexandra and Dall'Osso, Martino and Dorigo, Tommaso and Goertz, Florian and Gottardo, Carlo A. and Tosi, Mia",
    title = "{Higgs Pair Production: Choosing Benchmarks With Cluster Analysis}",
    eprint = "1507.02245",
    archivePrefix = "arXiv",
    primaryClass = "hep-ph",
    doi = "10.1007/JHEP04(2016)126",
    journal = "JHEP",
    volume = "04",
    pages = "126",
    year = "2016"
}

@article{Carvalho:2017vnu,
    author = "Carvalho, Alexandra and Goertz, Florian and Mimasu, Ken and Gouzevitch, Maxime and Aggarwal, Anamika",
    title = "{On the reinterpretation of non-resonant searches for Higgs boson pairs}",
    eprint = "1710.08261",
    archivePrefix = "arXiv",
    primaryClass = "hep-ph",
    month = "10",
    year = "2017"
}

@article{Buchalla:2018yce,
    author = "Buchalla, G. and Capozi, M. and Celis, A. and Heinrich, G. and Scyboz, L.",
    title = "{Higgs boson pair production in non-linear Effective Field Theory with full $m_t$-dependence at NLO QCD}",
    eprint = "1806.05162",
    archivePrefix = "arXiv",
    primaryClass = "hep-ph",
    reportNumber = "LMU-ASC 34/18, MPP-2018-127, LMU-ASC-34-18",
    doi = "10.1007/JHEP09(2018)057",
    journal = "JHEP",
    volume = "09",
    pages = "057",
    year = "2018"
}

@article{Heinrich:2020ckp,
    author = "Heinrich, Gudrun and Jones, Stephen P. and Kerner, Matthias and Scyboz, Ludovic",
    title = "{A non-linear EFT description of $gg\to HH$ at NLO interfaced to POWHEG}",
    eprint = "2006.16877",
    archivePrefix = "arXiv",
    primaryClass = "hep-ph",
    reportNumber = "CERN-TH-2020-106, KA-TP-04-2020, OUTP-20-06P, P3H-20-026,
  ZU-TH-21/20, P3H-20-026, ZU-TH-21/20",
    doi = "10.1007/JHEP10(2020)021",
    journal = "JHEP",
    volume = "10",
    pages = "021",
    year = "2020"
}

@article{Capozi:2019xsi,
    author = "Capozi, Matteo and Heinrich, Gudrun",
    title = "{Exploring anomalous couplings in Higgs boson pair production through shape analysis}",
    eprint = "1908.08923",
    archivePrefix = "arXiv",
    primaryClass = "hep-ph",
    reportNumber = "MPP-2019-183",
    doi = "10.1007/JHEP03(2020)091",
    journal = "JHEP",
    volume = "03",
    pages = "091",
    year = "2020"
}

@article{AGOSTINELLI2003250,
title = {Geant4 - a simulation toolkit},
journal = {Nuclear Instruments and Methods in Physics Research Section A: Accelerators, Spectrometers, Detectors and Associated Equipment},
volume = {506},
number = {3},
pages = {250-303},
year = {2003},
issn = {0168-9002},
doi = {https://doi.org/10.1016/S0168-9002(03)01368-8},
url = {https://www.sciencedirect.com/science/article/pii/S0168900203013688},
author = {S. Agostinelli and J. Allison and K. Amako and J. Apostolakis and H. Araujo and P. Arce and M. Asai and D. Axen and S. Banerjee and G. Barrand and F. Behner and L. Bellagamba and J. Boudreau and L. Broglia and A. Brunengo and H. Burkhardt and S. Chauvie and J. Chuma and R. Chytracek and G. Cooperman and G. Cosmo and P. Degtyarenko and A. Dell'Acqua and G. Depaola and D. Dietrich and R. Enami and A. Feliciello and C. Ferguson and H. Fesefeldt and G. Folger and F. Foppiano and A. Forti and S. Garelli and S. Giani and R. Giannitrapani and D. Gibin and J.J. {G\'{o}mez Cadenas} and I. Gonz\'{a}lez and G. {Gracia Abril} and G. Greeniaus and W. Greiner and V. Grichine and A. Grossheim and S. Guatelli and P. Gumplinger and R. Hamatsu and K. Hashimoto and H. Hasui and A. Heikkinen and A. Howard and V. Ivanchenko and A. Johnson and F.W. Jones and J. Kallenbach and N. Kanaya and M. Kawabata and Y. Kawabata and M. Kawaguti and S. Kelner and P. Kent and A. Kimura and T. Kodama and R. Kokoulin and M. Kossov and H. Kurashige and E. Lamanna and T. Lamp\'{e}n and V. Lara and V. Lefebure and F. Lei and M. Liendl and W. Lockman and F. Longo and S. Magni and M. Maire and E. Medernach and K. Minamimoto and P. {Mora de Freitas} and Y. Morita and K. Murakami and M. Nagamatu and R. Nartallo and P. Nieminen and T. Nishimura and K. Ohtsubo and M. Okamura and S. O'Neale and Y. Oohata and K. Paech and J. Perl and A. Pfeiffer and M.G. Pia and F. Ranjard and A. Rybin and S. Sadilov and E. {Di Salvo} and G. Santin and T. Sasaki and N. Savvas and Y. Sawada and S. Scherer and S. Sei and V. Sirotenko and D. Smith and N. Starkov and H. Stoecker and J. Sulkimo and M. Takahata and S. Tanaka and E. Tcherniaev and E. {Safai Tehrani} and M. Tropeano and P. Truscott and H. Uno and L. Urban and P. Urban and M. Verderi and A. Walkden and W. Wander and H. Weber and J.P. Wellisch and T. Wenaus and D.C. Williams and D. Wright and T. Yamada and H. Yoshida and D. Zschiesche},
keywords = {Simulation, Particle interactions, Geometrical modelling, Software engineering, Object-oriented technology, Distributed software development},
abstract = {Geant4 is a toolkit for simulating the passage of particles through matter. It includes a complete range of functionality including tracking, geometry, physics models and hits. The physics processes offered cover a comprehensive range, including electromagnetic, hadronic and optical processes, a large set of long-lived particles, materials and elements, over a wide energy range starting, in some cases, from 250eV and extending in others to the TeV energy range. It has been designed and constructed to expose the physics models utilised, to handle complex geometries, and to enable its easy adaptation for optimal use in different sets of applications. The toolkit is the result of a worldwide collaboration of physicists and software engineers. It has been created exploiting software engineering and object-oriented technology and implemented in the C++ programming language. It has been used in applications in particle physics, nuclear physics, accelerator design, space engineering and medical physics.}
}

@article{Artoisenet:2012st,
      author         = "Artoisenet, Pierre and Frederix, Rikkert and Mattelaer,
                        Olivier and Rietkerk, Robbert",
      title          = "Automatic spin-entangled decays of heavy resonances in
                        {Monte Carlo} simulations",
      journal        = "JHEP",
      volume         = "03",
      year           = "2013",
      pages          = "015",
      doi            = "10.1007/JHEP03(2013)015",
      eprint         = "1212.3460",
      archivePrefix  = "arXiv",
      primaryClass   = "hep-ph",
}

@article{Frederix:2012ps,
    author = "Frederix, Rikkert and Frixione, Stefano",
    title = "{Merging meets matching in MC@NLO}",
    eprint = "1209.6215",
    archivePrefix = "arXiv",
    primaryClass = "hep-ph",
    reportNumber = "CERN-PH-TH-2012-247, ZU-TH-21-12",
    doi = "10.1007/JHEP12(2012)061",
    journal = "JHEP",
    volume = "12",
    pages = "061",
    year = "2012"
}

@article{Bothmann:2019yzt,
    author = "Bothmann, Enrico and others",
    collaboration = "Sherpa",
    title = "{Event Generation with Sherpa 2.2}",
    eprint = "1905.09127",
    archivePrefix = "arXiv",
    primaryClass = "hep-ph",
    reportNumber = "FERMILAB-PUB-19-218-T, SLAC-PUB-17433, IPPP/19/42, MCNET-19-11",
    doi = "10.21468/SciPostPhys.7.3.034",
    journal = "SciPost Phys.",
    volume = "7",
    number = "3",
    pages = "034",
    year = "2019"
}

@misc{hhmg,
       howpublished = {\url{https://cp3.irmp.ucl.ac.be/projects/madgraph/wiki/HiggsPairProduction}},
}

@misc{reweighting_results_1,
       howpublished = {\url{https://indico.cern.ch/event/996682/contributions/4232107/}},
}

@misc{reweighting_results_2,
       howpublished = {\url{https://indico.cern.ch/event/996681/contributions/4212133/}},
}

@misc{reweighting_implementation,
       howpublished = {\url{https://github.com/pmandrik/VSEVA/blob/master/HHWWgg/reweight/reweight_HH.C}},
}
%%%%%%%%%%%%%%%%%%%%%%%%%%%%%% EFT END %%%%%%%%%%%%%%%%%%%%%%%%%%%%%%

%%%%%%%%%%%%%%%%%%%%%%%%%%%%%% BDT START %%%%%%%%%%%%%%%%%%%%%%%%%%%%%%
@article{TMVA2007,
      author         = "Hocker, Andreas and others",
      title          = "{TMVA - Toolkit for Multivariate Data Analysis}",
      booktitle      = "{Proceedings, 11th International Workshop on Advanced
                        computing and analysis techniques in physics research
                        (ACAT 2007): Amsterdam, Netherlands, April 23-27, 2007}",
      journal        = "PoS",
      volume         = "ACAT",
      year           = "2007",
      pages          = "040",
      eprint         = "physics/0703039",
      archivePrefix  = "arXiv",
      primaryClass   = "PHYSICS",
      reportNumber   = "CERN-OPEN-2007-007",
      SLACcitation   = "%%CITATION = PHYSICS/0703039;%%"
}
%%%%%%%%%%%%%%%%%%%%%%%%%%%%%% BDT END %%%%%%%%%%%%%%%%%%%%%%%%%%%%%%

%%%%%%%%%%%%%%%%%%%%%%%%%%%%%% SYSTEMATICS UNCERTANTIES START %%%%%%%%%%%%%%%%%%%%%%%%%%%%%%
@misc{SysLuminosity,
      howpublished = {\url{https://twiki.cern.ch/twiki/bin/viewauth/CMS/TWikiLUM}},
}

@misc{TriggerPrefire,
      howpublished = {\url{https://twiki.cern.ch/twiki/bin/viewauth/CMS/L1ECALPrefiringWeightRecipe}},
}

@article{Sirunyan:2018fpa,
      author         = "Sirunyan, A. M. and others",
      title          = "{Performance of the CMS muon detector and muon
                        reconstruction with proton-proton collisions at
                        $\sqrt{s}=$ 13 TeV}",
      collaboration  = "CMS",
      journal        = "JINST",
      volume         = "13",
      year           = "2018",
      pages          = "P06015",
      doi            = "10.1088/1748-0221/13/06/P06015",
      eprint         = "1804.04528",
      archivePrefix  = "arXiv",
      primaryClass   = "physics.ins-det",
      reportNumber   = "CMS-MUO-16-001, CERN-EP-2018-058",
      SLACcitation   = "%%CITATION = ARXIV:1804.04528;%%"
}

@article{Chatrchyan:2012xi,
    archiveprefix = {arXiv},
    author = {Chatrchyan, Serguei and others},
    collaboration = {CMS},
    doi = {10.1088/1748-0221/7/10/P10002},
    eprint = {1206.4071},
    journal = {JINST},
    pages = {P10002},
    primaryclass = {physics.ins-det},
    reportnumber = {CMS-MUO-10-004, CERN-PH-EP-2012-173},
    slaccitation = {%%CITATION = ARXIV:1206.4071;%%},
    title = {{Performance of CMS muon reconstruction in $\Pp\Pp$ collision
events at $\sqrt{s} = 7\TeV$}},
    volume = {7},
    year = {2012}
}

@article{Sirunyan:2019kia,
    archiveprefix = {arXiv},
    author = {Sirunyan, Albert M and others},
    collaboration = {CMS},
    doi = {10.1088/1748-0221/14/07/P07004},
    eprint = {1903.06078},
    journal = {JINST},
    pages = {P07004},
    primaryclass = {hep-ex},
    reportnumber = {CMS-JME-17-001, CERN-EP-2018-335},
    slaccitation = {%%CITATION = ARXIV:1903.06078;%%},
    title = {{Performance of missing transverse momentum reconstruction in proton-proton collisions at $\sqrt{s} =13\TeV$ using the {CMS} detector}},
    volume = {14},
    year = {2019}
}

@article{Khachatryan:2015hwa,
    author = "Khachatryan, Vardan and others",
    collaboration = "CMS",
    title = "{Performance of Electron Reconstruction and Selection with the CMS Detector in Proton-Proton Collisions at \ensuremath{\sqrt{}}s = 8  TeV}",
    eprint = "1502.02701",
    archivePrefix = "arXiv",
    primaryClass = "physics.ins-det",
    reportNumber = "CMS-EGM-13-001, CERN-PH-EP-2015-004",
    doi = "10.1088/1748-0221/10/06/P06005",
    journal = "JINST",
    volume = "10",
    number = "06",
    pages = "P06005",
    year = "2015"
}

@misc{SysElectronEnergyResolution,
      howpublished = {\url{https://twiki.cern.ch/twiki/bin/viewauth/CMS/EgammaMiniAODV2#Energy_Scale_and_Smearing}},
}

@ARTICLE{10.3389/fspas.2018.00040,

AUTHOR={Markkanen, Tommi and Rajantie, Arttu and Stopyra, Stephen},

TITLE={Cosmological Aspects of Higgs Vacuum Metastability},

JOURNAL={Frontiers in Astronomy and Space Sciences},

VOLUME={5},

YEAR={2018},

URL={https://www.frontiersin.org/article/10.3389/fspas.2018.00040},

DOI={10.3389/fspas.2018.00040},

ISSN={2296-987X},

ABSTRACT={The current central experimental values of the parameters of the Standard Model give rise to a striking conclusion: metastability of the electroweak vacuum is favored over absolute stability. A metastable vacuum for the Higgs boson implies that it is possible, and in fact inevitable, that a vacuum decay takes place with catastrophic consequences for the Universe. The metastability of the Higgs vacuum is especially significant for cosmology, because there are many mechanisms that could have triggered the decay of the electroweak vacuum in the early Universe. We present a comprehensive review of the implications from Higgs vacuum metastability for cosmology along with a pedagogical discussion of the related theoretical topics, including renormalization group improvement, quantum field theory in curved spacetime and vacuum decay in field theory.}
}


@article{Khachatryan:2016kdb,
    author = "Khachatryan, Vardan and others",
    collaboration = "CMS",
    title = "{Jet energy scale and resolution in the CMS experiment in pp collisions at 8 TeV}",
    eprint = "1607.03663",
    archivePrefix = "arXiv",
    primaryClass = "hep-ex",
    reportNumber = "CMS-JME-13-004, CERN-PH-EP-2015-305",
    doi = "10.1088/1748-0221/12/02/P02014",
    journal = "JINST",
    volume = "12",
    number = "02",
    pages = "P02014",
    year = "2017"
}

@misc{SysJetEnergyResolution,
      howpublished = {\url{https://twiki.cern.ch/twiki/bin/view/CMS/JECUncertaintySources#Run_2_reduced_set_of_uncertainty}},
}

@inproceedings{kingma_adam:_2017,
    archiveprefix = {arXiv},
    author = {Diederik P. Kingma and Jimmy Ba},
    booktitle = {3rd International Conference on Learning Representations, {ICLR} 2015,
San Diego, CA, USA, May 7-9, 2015, Conference Track Proceedings},
    eprint = {1412.6980},
    title = "Adam: {A} method for stochastic optimization",
    url = {https://arxiv.org/abs/1412.6980},
    year = {2015}
}

@article{binary_crossentropy,
    author = {D. R. Cox},
    issn = {00359246},
    journal = {J R Stat Soc Series B},
    pages = {215},
    title = {The Regression Analysis of Binary Sequences},
    doi = {10.1111/j.2517-6161.1958.tb00292.x},
    volume = {20},
    year = {1958}
}

@book{Goodfellow-et-al-2016,
    author = {Ian Goodfellow and Yoshua Bengio and Aaron Courville},
    note = {\url{http://www.deeplearningbook.org}},
    publisher = {MIT Press},
    title = {Deep learning},
    year = {2016}
}


@article{Sirunyan:2017ezt,
    author = "Sirunyan, A.M. and others",
    collaboration = "CMS",
    title = "{Identification of heavy-flavour jets with the CMS detector in pp collisions at 13 TeV}",
    eprint = "1712.07158",
    archivePrefix = "arXiv",
    primaryClass = "physics.ins-det",
    reportNumber = "CMS-BTV-16-002, CERN-EP-2017-326",
    doi = "10.1088/1748-0221/13/05/P05011",
    journal = "JINST",
    volume = "13",
    number = "05",
    pages = "P05011",
    year = "2018"
}

@misc{BtaginMethods,
      howpublished = {\url{https://twiki.cern.ch/twiki/bin/view/CMS/BTagSFMethods#1a_Event_reweighting_using_scale}},
}

@article{Butterworth:2015oua,
    author = "Butterworth, Jon and others",
    title = "{PDF4LHC recommendations for LHC Run II}",
    eprint = "1510.03865",
    archivePrefix = "arXiv",
    primaryClass = "hep-ph",
    reportNumber = "OUTP-15-17P, SMU-HEP-15-12, TIF-UNIMI-2015-14, LCTS-2015-27, CERN-PH-TH-2015-249",
    doi = "10.1088/0954-3899/43/2/023001",
    journal = "J. Phys. G",
    volume = "43",
    pages = "023001",
    year = "2016"
}

@article{Ball:2014uwa,
    author = "Ball, Richard D. and others",
    collaboration = "NNPDF",
    title = "{Parton distributions for the LHC Run II}",
    eprint = "1410.8849",
    archivePrefix = "arXiv",
    primaryClass = "hep-ph",
    reportNumber = "EDINBURGH-2014-15, IFUM-1034-FT, CERN-PH-TH-2013-253, OUTP-14-11P, CAVENDISH-HEP-14-11",
    doi = "10.1007/JHEP04(2015)040",
    journal = "JHEP",
    volume = "04",
    pages = "040",
    year = "2015"
}

@article{Grazzini:2018bsd,
    author = "Grazzini, Massimiliano and Heinrich, Gudrun and Jones, Stephen and Kallweit, Stefan and Kerner, Matthias and Lindert, Jonas M. and Mazzitelli, Javier",
    title = "{Higgs boson pair production at NNLO with top quark mass effects}",
    eprint = "1803.02463",
    archivePrefix = "arXiv",
    primaryClass = "hep-ph",
    reportNumber = "CERN-TH-2018-044, IPPP/18/15, MPP-2018-30, ZU-TH 10/18, IPPP-18-15, ZU-TH-10-18",
    doi = "10.1007/JHEP05(2018)059",
    journal = "JHEP",
    volume = "05",
    pages = "059",
    year = "2018"
}
@ARTICLE{AN-16-171,
   AUTHOR       = "{Higgs to W W Working Group}",
   TITLE        = "{Search for high mass resonances using WW fully leptonic decays at 13 TeV}",
   JOURNAL      = "CMS Analysis Note AN-2016-171",
   URL          = {http://cms.cern.ch/iCMS/jsp/db_notes/noteInfo.jsp?cmsnoteid=CMS\%20AN-2016/171},
   VOLUME       = "2016/171",
   YEAR         = "2016"
}
@ARTICLE{AN-19-186,
   AUTHOR       = "{tt Higgs Working Group}",
   TITLE        = "{ttH ($H\rightarrow \gamma\gamma$ ) at $\sqrt{s}$ = 13 TeV with the Run II dataset}",
   JOURNAL      = "CMS Analysis Note AN-2019-186",
   URL          = {http://cms.cern.ch/iCMS/jsp/db_notes/noteInfo.jsp?cmsnoteid=CMS\%20AN-2019/186},
   VOLUME       = "2019/186",
   YEAR         = "2019"
}

@misc{ExpectedFSMSerror,
       howpublished = {\url{https://github.com/pmandrik/HH_pair/tree/master/HH_yyWW/cms_results_v0}},
}

@article{whiteson_DNN,
author = {Baldi, Pierre and Sadowski, Peter and Whiteson, Daniel},
year = {2014},
month = {07},
pages = {4308},
title = {Searching for Exotic Particles in High-Energy Physics with Deep Learning},
volume = {5},
journal = {Nature communications},
doi = {10.1038/ncomms5308}
}

@article{Kingma2014,
  author        = {Diederik P. Kingma and Jimmy Ba},
  title         = {Adam: A Method for Stochastic Optimization},
  year          = {2014},
  month         = dec,
  abstract      = {We introduce Adam, an algorithm for first-order gradient-based optimization of stochastic objective functions, based on adaptive estimates of lower-order moments. The method is straightforward to implement, is computationally efficient, has little memory requirements, is invariant to diagonal rescaling of the gradients, and is well suited for problems that are large in terms of data and/or parameters. The method is also appropriate for non-stationary objectives and problems with very noisy and/or sparse gradients. The hyper-parameters have intuitive interpretations and typically require little tuning. Some connections to related algorithms, on which Adam was inspired, are discussed. We also analyze the theoretical convergence properties of the algorithm and provide a regret bound on the convergence rate that is comparable to the best known results under the online convex optimization framework. Empirical results demonstrate that Adam works well in practice and compares favorably to other stochastic optimization methods. Finally, we discuss AdaMax, a variant of Adam based on the infinity norm.},
  archiveprefix = {arXiv},
  eprint        = {1412.6980},
  file          = {:http\://arxiv.org/pdf/1412.6980v9:PDF},
  keywords      = {cs.LG},
  primaryclass  = {cs.LG}
}

@book{shapley_values,
  author    = {L. S. Shapley},
  booktitle = {Contributions to the Theory of Games ({AM}-28), Volume {II}},
  publisher = {Princeton University Press},
  title     = {17. A Value for n-Person Games},
  year      = {1953},
  month     = {dec},
  pages     = {307--318},
  doi       = {10.1515/9781400881970-018}
}

@article{Rainwater:1996ud,
    archiveprefix = {arXiv},
    author = {Rainwater, David L. and Szalapski, R. and Zeppenfeld, D.},
    doi = {10.1103/PhysRevD.54.6680},
    eprint = {hep-ph/9605444},
    journal = {Phys. Rev. D},
    pages = {6680},
    reportnumber = {MADPH-96-943, KEK-TH-485, KEK-PREPRINT-96-24},
    title = {{Probing color singlet exchange in $\PZ$ + two jet events at the CERN LHC}},
    volume = {54},
    year = {1996}
}

@article{atlas_collaboration_measurement_2017,
    archiveprefix = {arXiv},
    author = {Aaboud, Morad and others},
    collaboration = {ATLAS},
    doi = {10.1103/PhysRevD.96.012007},
    eprint = {1611.02428},
    journal = {Phys. Rev. D},
    pages = {012007},
    primaryclass = {hep-ex},
    reportnumber = {CERN-EP-2016-167},
    title = {{Measurement of $W^{\pm}W^{\pm}$ vector-boson scattering and limits on anomalous quartic gauge couplings with the ATLAS detector}},
    volume = {96},
    year = {2017}
}

@techreport{CMS:2013kfa,
    collaboration = "CMS",
    author = "{CMS Collaboration}",
    title = "{Performance of quark/gluon discrimination in 8 TeV pp data}",
    reportNumber = "CMS-PAS-JME-13-002",
    url = "http://cds.cern.ch/record/1599732",
    year = "2013",
    TYPE = "CMS Physics Analysis Summary",
}

@techreport{CMS-DP-2016-070,
    title         = "{Performance of quark/gluon discrimination in 13 TeV
                       data}",
    author = "{CMS Collaboration}",                       
    collaboration = "CMS",
    year          = "2016",
    url           = "https://cds.cern.ch/record/2234117",
    reportNumber  = "CMS-DP-2016-070",
    TYPE          = "CMS Detector Performance Summary",
}

@article{Lundberg2017,
  author        = {Scott Lundberg and Su-In Lee},
  title         = {A Unified Approach to Interpreting Model Predictions},
  year          = {2017},
  month         = {may},
  abstract      = {Understanding why a model makes a certain prediction can be as crucial as the prediction's accuracy in many applications. However, the highest accuracy for large modern datasets is often achieved by complex models that even experts struggle to interpret, such as ensemble or deep learning models, creating a tension between accuracy and interpretability. In response, various methods have recently been proposed to help users interpret the predictions of complex models, but it is often unclear how these methods are related and when one method is preferable over another. To address this problem, we present a unified framework for interpreting predictions, SHAP (SHapley Additive exPlanations). SHAP assigns each feature an importance value for a particular prediction. Its novel components include: (1) the identification of a new class of additive feature importance measures, and (2) theoretical results showing there is a unique solution in this class with a set of desirable properties. The new class unifies six existing methods, notable because several recent methods in the class lack the proposed desirable properties. Based on insights from this unification, we present new methods that show improved computational performance and/or better consistency with human intuition than previous approaches.},
  archiveprefix = {arXiv},
  eprint        = {1705.07874},
  file          = {:http\://arxiv.org/pdf/1705.07874v2:PDF},
  keywords      = {cs.AI, cs.LG, stat.ML},
  primaryclass  = {cs.AI}
}

%%%%%%%%%%%%%%%%%%%%%%%%%%%%%% SYSTEMATICS UNCERTANTIES END %%%%%%%%%%%%%%%%%%%%%%%%%%%%%%

%%%%%%%%%%%%%%%%%%%%%%%%%%%%%% Data-Driven QCD: Start %%%%%%%%%%%%%%%%%%%%%%%%%%%%%%
@article{Sirunyan:2020sum,
    author = "Sirunyan, Albert M and others",
    collaboration = "CMS",
    title = "{Measurements of $\mathrm{t\bar{t}}H$ Production and the CP Structure of the Yukawa Interaction between the Higgs Boson and Top Quark in the Diphoton Decay Channel}",
    eprint = "2003.10866",
    archivePrefix = "arXiv",
    primaryClass = "hep-ex",
    reportNumber = "CMS-HIG-19-013, CERN-EP-2020-028",
    doi = "10.1103/PhysRevLett.125.061801",
    journal = "Phys. Rev. Lett.",
    volume = "125",
    number = "6",
    pages = "061801",
    year = "2020"
}
%%%%%%%%%%%%%%%%%%%%%%%%%%%%%% Data-Driven QCD: END %%%%%%%%%%%%%%%%%%%%%%%%%%%%%%

@misc{htool,
       howpublished = {\url{https://cms-analysis.github.io/HiggsAnalysis-CombinedLimit/}},
}

@article{CLS1,
      author         = "Read, Alexander L.",
      title          = "Presentation of search results: The {CL$_{\text{s}}$} technique",
      journal        = "J. Phys. G",
      volume         = "28",
      year           = "2002",
      pages          = "2693",
      doi            = "10.1088/0954-3899/28/10/313",
      SLACcitation   = "%%CITATION = JPAGA,G28,2693;%%"
}

@article{CLS2,
      author         = "Junk, Thomas",
      title          = "Confidence level computation for combining searches with
                        small statistics",
      journal        = "Nucl. Instrum. Meth. A",
      volume         = "434",
      year           = "1999",
      pages          = "435",
      doi            = "10.1016/S0168-9002(99)00498-2",
      eprint         = "hep-ex/9902006",
      archivePrefix  = "arXiv",
      primaryClass   = "hep-ex",
      reportNumber   = "CARLETON-OPAL-PHYS-99-01, CERN-EP-99-041",
      SLACcitation   = "%%CITATION = HEP-EX/9902006;%%"
}

@article{Cowan:2010js,
    author = "Cowan, Glen and Cranmer, Kyle and Gross, Eilam and Vitells, Ofer",
    title = "{Asymptotic formulae for likelihood-based tests of new physics}",
    eprint = "1007.1727",
    archivePrefix = "arXiv",
    primaryClass = "physics.data-an",
    doi = "10.1140/epjc/s10052-011-1554-0",
    journal = "Eur. Phys. J. C",
    volume = "71",
    pages = "1554",
    year = "2011",
    note = "[Erratum: Eur.Phys.J.C 73, 2501 (2013)]"
}

@article{Dauncey_2015,
   title={Handling uncertainties in background shapes: the discrete profiling method},
   volume={10},
   ISSN={1748-0221},
   url={http://dx.doi.org/10.1088/1748-0221/10/04/P04015},
   DOI={10.1088/1748-0221/10/04/p04015},
   number={04},
   journal={Journal of Instrumentation},
   publisher={IOP Publishing},
   author={Dauncey, P.D. and Kenzie, M. and Wardle, N. and Davies, G.J.},
   year={2015},
   month={Apr},
   pages={P04015}
}

@article{Cowan_2011,
   title={Asymptotic formulae for likelihood-based tests of new physics},
   volume={71},
   ISSN={1434-6052},
   url={http://dx.doi.org/10.1140/epjc/s10052-011-1554-0},
   DOI={10.1140/epjc/s10052-011-1554-0},
   number={2},
   journal={The European Physical Journal C},
   publisher={Springer Science and Business Media LLC},
   author={Cowan, Glen and Cranmer, Kyle and Gross, Eilam and Vitells, Ofer},
   year={2011},
   month={Feb}
}


@article{CMS:2008xjf,
    author = "Chatrchyan, S. and others",
    collaboration = "CMS",
    title = "The {CMS} experiment at the {CERN} {LHC}",
    doi = "10.1088/1748-0221/3/08/S08004",
    journal = "JINST",
    volume = "3",
    pages = "S08004",
    year = "2008"
}
%L1 trigger:

@article{CMS:2020cmk,
    author = "Sirunyan, Albert M and others",
    collaboration = "CMS",
    title = "{Performance of the CMS Level-1 trigger in proton-proton collisions at $\sqrt{s} = 13$\,TeV}",
    journal = "JINST",
    volume = "15",
    pages = "P10017",
    year = "2020",
    doi = "10.1088/1748-0221/15/10/P10017",
    eprint = "2006.10165",
    archivePrefix = "arXiv",
    primaryClass = "hep-ex",
    reportNumber = "CMS-TRG-17-001, CERN-EP-2020-065",
}
%HLT:

@article{CMS:2016ngn,
      author         = "Khachatryan, Vardan and others",
      title              = "{The CMS trigger system}",
      collaboration  = "CMS",
      journal        = "JINST",
      volume         = "12",
      pages          = "P01020",
      doi            = "10.1088/1748-0221/12/01/P01020",
      year           = "2017",
      eprint         = "1609.02366",
      archivePrefix  = "arXiv",
      primaryClass   = "physics.ins-det",
      reportNumber   = "CMS-TRG-12-001, CERN-EP-2016-160",
      SLACcitation   = "%%CITATION = ARXIV:1609.02366;%%"
}
%Particle-flow:

@article{CMS:2017yfk,
      author         = "Sirunyan, A. M. and others",
      title          = "Particle-flow reconstruction and global event description with the {CMS} detector",
      collaboration  = "CMS",
      journal     = "JINST",
      volume    = "12",
      year         = "2017",
      pages      = "P10003",
      doi           = "10.1088/1748-0221/12/10/P10003",
      eprint         = "1706.04965",
      archivePrefix  = "arXiv",
      primaryClass   = "physics.ins-det",
      reportNumber   = "CMS-PRF-14-001, CERN-EP-2017-110",
      SLACcitation   = "%%CITATION = ARXIV:1706.04965;%%",
}
%Electron and photon reconstruction and selection, Run 2:

@article{CMS:2020uim,
    author        = "Sirunyan, Albert M and others",
    collaboration = "CMS",
    title         = "Electron and photon reconstruction and identification with the {CMS} experiment at the {CERN} {LHC}",
    eprint        = "2012.06888",
    journal       = "JINST",
    volume        = "16",
    pages         = "P05014",
    year          = "2021",
    archivePrefix = "arXiv",
    primaryClass  = "hep-ex",
    reportNumber  = "CMS-EGM-17-001, CERN-EP-2020-219",
    doi           = "10.1088/1748-0221/16/05/P05014"
}

@techreport{CMS-DP-2020-021,
      title         = "{ECAL} 2016 refined calibration and {Run2} summary plots",
      author        = "{CMS Collaboration}",
      collaboration = "{CMS}",
      url           = "https://cds.cern.ch/record/2717925",
      type          = "CMS Detector Performance Summary",
      number        = "CMS-DP-2020-021",
      year          = "2020"
}
%Electron reconstruction and selection, Run 1:

@article{CMS:2015xaf,
      author         = "Khachatryan, Vardan and others",
      title          = "{Performance of electron reconstruction and selection
                        with the CMS detector in proton-proton collisions at
                        $\sqrt{s} = 8$\TeV}",
      collaboration  = "CMS",
      journal        = "JINST",
      volume         = "10",
      pages          = "P06005",
      doi            = "10.1088/1748-0221/10/06/P06005",
      year           = "2015",
      eprint         = "1502.02701",
      archivePrefix  = "arXiv",
      primaryClass   = "physics.ins-det",
      reportNumber   = "CMS-EGM-13-001, CERN-PH-EP-2015-004",
      SLACcitation   = "%%CITATION = ARXIV:1502.02701;%%",
}
%Muon reconstruction and selection:

@article{CMS:2018rym,
    author = "Sirunyan, A. M. and others",
    collaboration = "CMS",
    title = "{Performance of the CMS muon detector and muon reconstruction with proton-proton collisions at $\sqrt{s}=$ 13 TeV}",
    eprint = "1804.04528",
    archivePrefix = "arXiv",
    primaryClass = "physics.ins-det",
    reportNumber = "CMS-MUO-16-001, CERN-EP-2018-058",
    doi = "10.1088/1748-0221/13/06/P06015",
    journal = "JINST",
    volume = "13",
    pages = "P06015",
    year = "2018"
}
%Photon reconstruction and selection, Run 1:

@article{CMS:2015myp,
    author = "Khachatryan, Vardan and others",
    collaboration = "CMS",
    title = "Performance of Photon Reconstruction and Identification with the {CMS} Detector in Proton-Proton Collisions at sqrt(s) = 8 {TeV}",
    eprint = "1502.02702",
    archivePrefix = "arXiv",
    primaryClass = "physics.ins-det",
    reportNumber = "CMS-EGM-14-001, CERN-PH-EP-2015-006",
    doi = "10.1088/1748-0221/10/08/P08010",
    journal = "JINST",
    volume = "10",
    pages = "P08010",
    year = "2015"
}
%Tracking:

@article{CMS:2014pgm,
    author = "Chatrchyan, Serguei and others",
    collaboration = "CMS",
    title = "{Description and performance of track and primary-vertex reconstruction with the CMS tracker}",
    eprint = "1405.6569",
    archivePrefix = "arXiv",
    primaryClass = "physics.ins-det",
    reportNumber = "CMS-TRK-11-001, CERN-PH-EP-2014-070",
    doi = "10.1088/1748-0221/9/10/P10009",
    journal = "JINST",
    volume = "9",
    pages = "P10009",
    year = "2014"
}
%tau reconstruction and identification:

@article{CMS:2018jrd,
    author = "Sirunyan, A. M. and others",
    collaboration = "CMS",
    title = "{Performance of reconstruction and identification of $\tau$ leptons decaying to hadrons and $\nu_\tau$ in pp collisions at $\sqrt{s}=$ 13 TeV}",
    eprint = "1809.02816",
    archivePrefix = "arXiv",
    primaryClass = "hep-ex",
    reportNumber = "CMS-TAU-16-003, CERN-EP-2018-229",
    doi = "10.1088/1748-0221/13/10/P10005",
    journal = "JINST",
    volume = "13",
    number = "10",
    pages = "P10005",
    year = "2018"
}
%Jets, including jet energy scale and resolution:

@article{CMS:2016lmd,
      author         = "Khachatryan, Vardan and others",
      title          = "{Jet energy scale and resolution in the CMS experiment in
                           pp collisions at 8 TeV}",
      collaboration  = "CMS",
      journal        = "JINST",
      volume         = "12",
      year           = "2017",
      pages          = "P02014",
      doi            = "10.1088/1748-0221/12/02/P02014",
      eprint         = "1607.03663",
      archivePrefix  = "arXiv",
      primaryClass   = "hep-ex",
      reportNumber   = "CMS-JME-13-004, CERN-PH-EP-2015-305",
      SLACcitation   = "%%CITATION = ARXIV:1607.03663;%%"
}
%Missing transverse momentum:

@article{CMS:2019ctu,
      author         = "Sirunyan, Albert M and others",
      title          = "Performance of missing transverse momentum
                        reconstruction in proton-proton collisions at $\sqrt{s} =
                        13$\,{TeV} using the {CMS} detector",
      collaboration  = "CMS",
      journal        = "JINST",
      volume         = "14",
      year           = "2019",
      pages          = "P07004",
      doi            = "10.1088/1748-0221/14/07/P07004",
      eprint         = "1903.06078",
      archivePrefix  = "arXiv",
      primaryClass   = "hep-ex",
      reportNumber   = "CMS-JME-17-001, CERN-EP-2018-335",
      SLACcitation   = "%%CITATION = ARXIV:1903.06078;%%"
}

@article{CMS-LUM-17-003,
    author = "Sirunyan, Albert M and others",
    collaboration = "CMS",
    title = "Precision luminosity measurement in proton-proton collisions at $\sqrt{s} =$ 13 {TeV} in 2015 and 2016 at {CMS}",
    eprint = "2104.01927",
    archivePrefix = "arXiv",
    primaryClass = "hep-ex",
    reportNumber = "CMS-LUM-17-003, CERN-EP-2021-033",
    year = "2021",
    doi = "10.1140/epjc/s10052-021-09538-2",
    journal = "Eur. Phys. J. C",
    volume = "81",
    pages = "800",
}

@article{Cacciari:2003fi,
    archiveprefix = {arXiv},
    author = {Cacciari, M. and Frixione, S. and Mangano, M. L. and Nason, P. and Ridolfi, G.},
    doi = {10.1088/1126-6708/2004/04/068},
    eprint = {hep-ph/0303085},
    journal = {JHEP},
    pages = {068},
    reportnumber = {CERN-TH-2003-054},
    title = {{The $\ttbar$ cross-section at 1.8\TeV and 1.96\TeV: a study of the systematics due to parton densities and scale dependence}},
    volume = {04},
    year = {2004}
}

@article{Catani:2003zt,
    archiveprefix = {arXiv},
    author = {Catani, Stefano and de Florian, Daniel and Grazzini, Massimiliano and Nason, Paolo},
    doi = {10.1088/1126-6708/2003/07/028},
    eprint = {hep-ph/0306211},
    journal = {JHEP},
    pages = {028},
    reportnumber = {BICOCCA-FT-03-12, CERN-TH-2003-117},
    title = {{Soft gluon resummation for Higgs boson production at hadron colliders}},
    volume = {07},
    year = {2003}
}

@article{CMS:2018mlc,
    archiveprefix = {arXiv},
    author = {Sirunyan, Albert M and others},
    collaboration = {CMS},
    doi = {10.1007/JHEP07(2018)161},
    eprint = {1802.02613},
    journal = {JHEP},
    pages = {161},
    primaryclass = {hep-ex},
    reportnumber = {CMS-FSQ-15-005, CERN-EP-2018-004},
    title = {{Measurement of the inelastic proton-proton cross section at $\sqrt{s}=13\TeV$}},
    volume = {07},
    year = {2018}
}

@techreport{CMS-PAS-LUM-17-004,
    title         = "{CMS} luminosity measurement for the 2017 data-taking period at $\sqrt{s}$ = 13 {TeV}",
    author        = "{CMS Collaboration}",
    collaboration = "{CMS}",
    url           = "https://cds.cern.ch/record/2621960/",
    type          = "CMS Physics Analysis Summary",
    number        = "CMS-PAS-LUM-17-004",
    year          = "2018"
}

@techreport{CMS-PAS-LUM-18-002,
    title         = "{CMS} luminosity measurement for the 2018 data-taking period at $\sqrt{s}$ = 13 {TeV}",
    author        = "{CMS Collaboration}",
    collaboration = "{CMS}",
    url           = "https://cds.cern.ch/record/2676164/",
    type          = "CMS Physics Analysis Summary",
    number        = "CMS-PAS-LUM-18-002",
    year          = "2019"
}

@article{CMS:2020xrn,
    author = "Sirunyan, Albert M and others",
    collaboration = "CMS",
    title = "A measurement of the {Higgs} boson mass in the diphoton decay channel",
    eprint = "2002.06398",
    archivePrefix = "arXiv",
    primaryClass = "hep-ex",
    reportNumber = "CMS-HIG-19-004, CERN-EP-2020-004",
    doi = "10.1016/j.physletb.2020.135425",
    journal = "Phys. Lett. B",
    volume = "805",
    pages = "135425",
    year = "2020"
}

@article{Maltoni:2017ims,
      author         = "Maltoni, Fabio and Pagani, Davide and Shivaji, Ambresh
                        and Zhao, Xiaoran",
      title          = "{Trilinear Higgs coupling determination via single-Higgs
                        differential measurements at the LHC}",
      journal        = "Eur. Phys. J. C",
      volume         = "77",
      year           = "2017",
      pages          = "887",
      doi            = "10.1140/epjc/s10052-017-5410-8",
      eprint         = "1709.08649",
      archivePrefix  = "arXiv",
      primaryClass   = "hep-ph",
      reportNumber   = "CP3-17-37, TUM-HEP-1099-17, MCNET-17-18",
      SLACcitation   = "%%CITATION = ARXIV:1709.08649;%%"
}

@article{Degrassi:2016wml,
    author = "Degrassi, Giuseppe and Giardino, Pier Paolo and Maltoni, Fabio and Pagani, Davide",
    title = "Probing the {Higgs} self coupling via single {Higgs} production at the {LHC}",
    eprint = "1607.04251",
    archivePrefix = "arXiv",
    primaryClass = "hep-ph",
    reportNumber = "CP3-16-38, RM3-TH-16-8",
    doi = "10.1007/JHEP12(2016)080",
    journal = "JHEP",
    volume = "12",
    pages = "080",
    year = "2016"
}

@techreport{Heinemeyer:2013tqa,
      author         = "Heinemeyer, S and others",
      editor         = "Heinemeyer, S",
      title          = "Handbook of {LHC} {Higgs} cross sections: 3. {Higgs}
                        properties",
      type           = "CERN Report",
      number         = "CERN-2013-004",
      doi            = "10.5170/CERN-2013-004",
      year           = "2013",
      eprint         = "1307.1347",
      archivePrefix  = "arXiv",
      primaryClass   = "hep-ph",
      reportNumber   = "CERN-2013-004",
      SLACcitation   = "%%CITATION = ARXIV:1307.1347;%%",
}

% ATLAS HH->WWgammagamma with 2016 data
@article{Aaboud2018,
    author={Aaboud, M. and others},
    title={Search for Higgs boson pair production in the {$\gamma$$\gamma$$WW^{*}$} channel using $pp$ collision data recorded at  $\sqrt{s} = $ 13 {TeV} with the ATLAS detector},
    journal={The European Physical Journal C},
    year={2018},
    month={Dec},
    day={11},
    volume={78},
    number={12},
    pages={1007},
    abstract={Searches for non-resonant and resonant Higgs boson pair production are performed in the {\$}{\$}{\backslash}gamma {\backslash}gamma WW^*{\$}{\$}channel with the final state of {\$}{\$}{\backslash}gamma {\backslash}gamma {\backslash}ell {\backslash}nu jj{\$}{\$}using 36.1 {\$}{\$}{\backslash}hbox {\{}fb{\}}^{\{}-1{\}}{\$}{\$}of proton--proton collision data recorded at a centre-of-mass energy of {\$}{\$}{\backslash}sqrt{\{}s{\}}={\$}{\$}13 TeV by the ATLAS detector at the Large Hadron Collider. No significant deviation from the Standard Model prediction is observed. A 95{\%} confidence-level observed upper limit of 7.7 pb is set on the cross section for non-resonant production, while the expected limit is 5.4 pb. A search for a narrow-width resonance X decaying to a pair of Standard Model Higgs bosons HH is performed with the same set of data, and the observed upper limits on {\$}{\$}{\backslash}sigma (pp{\backslash}rightarrow X){\backslash}times B(X{\backslash}rightarrow HH){\$}{\$}range between 40.0 and 6.1 pb for masses of the resonance between 260 and 500 GeV, while the expected limits range between 17.6 and 4.4 pb. When deriving the limits above, the Standard Model branching ratios of the {\$}{\$}H{\{}{\backslash}rightarrow {\}}{\{}{\backslash}gamma {\backslash}gamma {\}}{\$}{\$}and {\$}{\$}H{\{}{\backslash}rightarrow {\}}WW^*{\$}{\$}are assumed.},
    issn={1434-6052},
    doi={10.1140/epjc/s10052-018-6457-x},
    url={https://doi.org/10.1140/epjc/s10052-018-6457-x}
}
