% Chapter: CMS Detector
@article{Chatrchyan:2008zzk,
  author        = {Chatrchyan, S. and others},
  collaboration = {CMS},
  doi           = {10.1088/1748-0221/3/08/S08004},
  journal       = {JINST},
  pages         = {S08004},
  title         = {The {CMS} experiment at the {CERN} {LHC}},
  volume        = {3},
  year          = {2008}
}

@article{CMS:2015myp,
  author        = {Khachatryan, Vardan and others},
  collaboration = {CMS},
  title         = {Performance of Photon Reconstruction and Identification with the {CMS} Detector in Proton-Proton Collisions at sqrt(s) = 8 {TeV}},
  eprint        = {1502.02702},
  archiveprefix = {arXiv},
  primaryclass  = {physics.ins-det},
  reportnumber  = {CMS-EGM-14-001, CERN-PH-EP-2015-006},
  doi           = {10.1088/1748-0221/10/08/P08010},
  journal       = {JINST},
  volume        = {10},
  pages         = {P08010},
  year          = {2015}
}

@article{Khachatryan:2016bia,
  author        = {Khachatryan, Vardan and others},
  title         = {{The CMS trigger system}},
  collaboration = {CMS},
  journal       = {JINST},
  volume        = {12},
  pages         = {P01020},
  doi           = {10.1088/1748-0221/12/01/P01020},
  year          = {2017},
  eprint        = {1609.02366},
  archiveprefix = {arXiv},
  primaryclass  = {physics.ins-det},
  reportnumber  = {CMS-TRG-12-001, CERN-EP-2016-160},
  slaccitation  = {%%CITATION = ARXIV:1609.02366;%%}
}

@article{CMS:2020xrn,
  author        = {Sirunyan, Albert M and others},
  collaboration = {CMS},
  title         = {A measurement of the {Higgs} boson mass in the diphoton decay channel},
  eprint        = {2002.06398},
  archiveprefix = {arXiv},
  primaryclass  = {hep-ex},
  reportnumber  = {CMS-HIG-19-004, CERN-EP-2020-004},
  doi           = {10.1016/j.physletb.2020.135425},
  journal       = {Phys. Lett. B},
  volume        = {805},
  pages         = {135425},
  year          = {2020}
}

@article{Sirunyan:2020zal,
  author        = {Sirunyan, Albert M and others},
  collaboration = {CMS},
  title         = {{Performance of the CMS Level-1 trigger in proton-proton collisions at $\sqrt{s} = 13$\,TeV}},
  journal       = {JINST},
  volume        = {15},
  pages         = {P10017},
  year          = {2020},
  doi           = {10.1088/1748-0221/15/10/P10017},
  eprint        = {2006.10165},
  archiveprefix = {arXiv},
  primaryclass  = {hep-ex},
  reportnumber  = {CMS-TRG-17-001, CERN-EP-2020-065}
}

@article{Khachatryan:2016bia,
  author        = {Khachatryan, Vardan and others},
  title         = {{The CMS trigger system}},
  collaboration = {CMS},
  journal       = {JINST},
  volume        = {12},
  pages         = {P01020},
  doi           = {10.1088/1748-0221/12/01/P01020},
  year          = {2017},
  eprint        = {1609.02366},
  archiveprefix = {arXiv},
  primaryclass  = {physics.ins-det},
  reportnumber  = {CMS-TRG-12-001, CERN-EP-2016-160},
  slaccitation  = {%%CITATION = ARXIV:1609.02366;%%}
}

@article{CMS-LUM-17-003,
  author        = {Sirunyan, Albert M and others},
  collaboration = {CMS},
  title         = {Precision luminosity measurement in proton-proton collisions at $\sqrt{s} =$ 13 {TeV} in 2015 and 2016 at {CMS}},
  eprint        = {2104.01927},
  archiveprefix = {arXiv},
  primaryclass  = {hep-ex},
  reportnumber  = {CMS-LUM-17-003, CERN-EP-2021-033},
  year          = {2021},
  doi           = {10.1140/epjc/s10052-021-09538-2},
  journal       = {Eur. Phys. J. C},
  volume        = {81},
  pages         = {800}
}

@techreport{CMS-PAS-LUM-17-004,
  title         = {{CMS} luminosity measurement for the 2017 data-taking period at $\sqrt{s}$ = 13 {TeV}},
  author        = {{CMS Collaboration}},
  collaboration = {{CMS}},
  url           = {https://cds.cern.ch/record/2621960/},
  type          = {CMS Physics Analysis Summary},
  number        = {CMS-PAS-LUM-17-004},
  year          = {2018}
}

@techreport{CMS-PAS-LUM-18-002,
  title         = {{CMS} luminosity measurement for the 2018 data-taking period at $\sqrt{s}$ = 13 {TeV}},
  author        = {{CMS Collaboration}},
  collaboration = {{CMS}},
  url           = {https://cds.cern.ch/record/2676164/},
  type          = {CMS Physics Analysis Summary},
  number        = {CMS-PAS-LUM-18-002},
  year          = {2019}
}

@article{CMS-PRF-14-001,
  author        = {Sirunyan, A. M. and others},
  title         = {{Particle-flow reconstruction and global event description with the CMS detector}},
  collaboration = {CMS},
  journal       = {JINST},
  volume        = {12},
  year          = {2017},
  pages         = {P10003},
  doi           = {10.1088/1748-0221/12/10/P10003},
  eprint        = {1706.04965},
  archiveprefix = {arXiv},
  primaryclass  = {physics.ins-det},
  reportnumber  = {CMS-PRF-14-001, CERN-EP-2017-110},
  slaccitation  = {%%CITATION = ARXIV:1706.04965;%%}
}
